2602 4282
68 378 154 466 quid
182 377 301 444 referti
337 373 484 445 vendunt
506 381 596 448 nullo
622 391 756 468 cogente
776 384 913 463 Nerone,

68 505 131 548 nee
161 482 315 546 dubitant
339 482 414 548 celsi
439 485 595 569 praetoris
620 486 758 552 vendere
783 488 874 554 ludis.
974 479 976 485 ¹

69 588 162 673 finge
189 594 302 651 tamen
327 587 450 672 gladios
476 588 552 653 inde
576 598 674 674 atque
700 590 776 655 hinc
800 592 928 678 pulpita
952 590 1038 678 poni,

68 695 153 779 quid
179 693 300 758 satius?
322 701 460 757 mortem
485 694 530 758 sic
556 695 725 779 quisquam
752 696 924 775 exhorruit,
949 707 986 761 ut
1009 697 1052 762 sit

66 799 240 883 zelotypus
264 797 443 882 Thymeles,
470 798 592 883 stupidi
618 799 739 884 collega
764 800 935 865 Corinthii

65 927 117 969 res
144 904 230 967 haut
253 902 336 966 mira
361 910 471 966 tamen
497 902 680 967 citharoedo
704 905 848 990 principe
874 904 993 970 mimus

64 1006 196 1073 nobilis.
243 1006 324 1070 haec
346 1006 433 1070 ultra
455 1001 535 1091 quid
561 1006 623 1071 erit
646 1006 709 1071 nisi
732 1007 845 1072 ludus?
868 1015 901 1072 et
924 1008 990 1073 illic
1017 1048 1023 1057 ·

64 1111 212 1176 dedecus
235 1110 325 1174 urbis
347 1110 454 1185 habes,
482 1131 542 1174 nec
565 1109 767 1176 mirmillonis
790 1112 826 1176 in
849 1111 954 1190 armis,

64 1238 125 1280 nec
156 1215 262 1300 clipeo
287 1213 465 1278 Gracchum
491 1223 693 1300 pugnantem
719 1224 777 1279 aut
802 1215 882 1280 falce
906 1213 1029 1300 supina,
1065 1230 1067 1234 ‘
1122 1278 1124 1282 Α

63 1321 207 1385 damnat
232 1319 320 1383 enim
345 1319 425 1383 tales
450 1319 591 1396 habitus,
620 1319 669 1404 [et
693 1319 826 1384 damnat
853 1327 886 1384 et
912 1319 989 1395 odit,

63 1447 126 1493 nec
151 1423 250 1509 galea
272 1422 388 1487 faciem
411 1421 609 1506 absconditz]
634 1431 743 1487 movet
769 1443 841 1486 ecce
864 1421 1039 1487 tridentem
1052 1431 1102 1497 et,

63 1539 245 1617 postquam
267 1527 393 1592 vibrata
418 1526 595 1612 pendentia
618 1526 700 1591 retia
723 1527 836 1592 dextra

30 1633 272 1720 5nequiquam
287 1631 410 1707 effudit,
437 1630 562 1695 nudum
588 1631 629 1695 ad
655 1631 835 1717 spectacula
857 1630 981 1696 voltum

63 1737 165 1823 erigit
193 1743 228 1800 et
254 1743 324 1800 tota
349 1734 433 1819 fugit
457 1733 676 1820 agnoscendus
694 1734 821 1802 harena

61 1841 239 1909 credamus
265 1838 402 1914 tunicae,
429 1837 469 1902 de
493 1837 638 1902 faucibus
664 1859 859 1902 aurearum
882 1858 915 1902 se

59 1945 212 2032 porrigat
235 1951 269 2008 et
295 1942 389 2026 longo
413 1941 552 2006 iactetur
575 1943 661 2026 spira
682 1942 807 2026 galero?
864 1982 866 1987 ·

60 2070 142 2134 ergo
166 2045 379 2132 ignominiam
402 2045 581 2131 graviorem
604 2045 739 2132 pertulit
765 2045 852 2110 omni

28 2153 202 2216 ovulnere
225 2171 301 2213 cum
324 2147 464 2212 Graccho
490 2147 595 2212 iussus
617 2170 762 2234 pugnare
780 2156 912 2213 secutor.

105 2252 230 2317 Libera
254 2250 281 2315 si
307 2250 425 2315 dentur
447 2250 566 2336 populo
590 2251 749 2336 suffragia,
775 2252 847 2336 quis
872 2259 943 2315 tam

59 2356 223 2444 perditus,
250 2362 288 2418 ut
312 2353 440 2417 dubitet
466 2352 623 2417 Senecam
648 2353 808 2438 praeferre
831 2352 962 2429 Neroni,

59 2462 157 2526 cuius
184 2456 339 2543 supplicio
360 2478 426 2520 non
451 2455 564 2519 debuit
583 2478 649 2519 una
671 2457 778 2542 parari

59 2565 160 2630 simia
183 2585 244 2627 nec
269 2583 398 2647 serpens
422 2583 506 2625 unus
529 2582 589 2625 nee
612 2561 734 2626 culleus
759 2565 863 2626 unust

10 2670 47 2763 Ι15
58 2692 121 2756 par
146 2663 446 2751 Agamemnonidae
466 2662 595 2739 crimen,
621 2663 677 2727 sed
703 2685 800 2728 causa
821 2663 899 2728 facit
921 2685 991 2728 rem

10 2784 15 2795 '
58 2771 274 2838 dissimilem:
299 2769 420 2854 quippe
445 2767 500 2832 ille
524 2768 592 2832 deis
616 2767 800 2833 auctoribus
825 2767 912 2831 ultor

56 2876 166 2965 patris
192 2881 261 2939 erat
284 2871 367 2938 caesi
390 2871 499 2936 media
521 2872 607 2936 inter
630 2871 760 2956 poeula;
782 2869 838 2935 sed
864 2891 922 2935 nec

56 2983 213 3048 Electrae
239 2977 349 3062 iugulo
376 2998 410 3040 se
436 2974 552 3060 polluit
576 2980 633 3037 aut
658 2971 809 3058 Spartani

56 3082 223 3168 sanguine
248 3078 396 3164 coniugii,
409 3077 518 3141 ¹nullis
542 3077 668 3142 aconita
686 3075 874 3162 propinquis

10 3185 204 3261 romiscuir,
231 3183 265 3248 in
289 3206 384 3248 scena
407 3201 586 3266 numquam
612 3180 754 3246 cantavit
781 3179 917 3257 Orestes,

57 3292 180 3358 Troica
202 3311 267 3353 non
293 3287 428 3373 scripsit.
474 3285 552 3370 quid
578 3285 666 3349 enim
695 3284 867 3369 Verginius
893 3282 988 3347 arm-is

58 3396 182 3463 debuit
204 3392 313 3457 ulcisci
338 3391 449 3477 magis,
473 3397 531 3455 aut
554 3412 628 3454 cum
654 3389 788 3453 Vindice
813 3388 923 3464 Galba,

58 3501 150 3590 quod
177 3500 265 3564 Nero
288 3507 357 3568 tam
383 3519 479 3562 saeva
503 3495 664 3580 crudaque
690 3494 861 3579 tyrannide
887 3492 980 3557 fecit?
1102 3561 1103 3564 Ἴ

58 3607 141 3673 haec
170 3617 267 3690 opera
290 3611 388 3688 atque
413 3598 473 3665 hae
498 3607 573 3664 sunt
596 3599 742 3684 generosi
765 3595 917 3683 principis
943 3602 1036 3669 artae,

10 3724 45 3796 25
57 3708 237 3798 gaudentis
259 3706 351 3771 foedo
374 3705 543 3791 peregrina
566 3704 604 3768 ad
629 3703 756 3789 pulpita
779 3710 876 3767 cantu

57 3810 218 3902 prostitui
242 3808 421 3893 Graiaeque
445 3806 556 3893 apium
582 3806 739 3876 meruisse⁴
759 3824 902 3871 coronae.
