2550 4266
135 201 181 274 66
605 195 718 273 XIII

131 387 184 453 vel
207 384 316 471 potius
338 389 497 470 quantum
518 383 677 449 Gradivus
701 382 910 448 Homericus:
936 383 1057 462 ‘'audis,

131 490 288 576 Iuppiter,
312 488 401 564 hacc,
427 508 486 550 nec
508 486 599 550 labra
618 509 735 564 moves
760 509 834 551 cum
853 487 983 552 mittere
1007 510 1127 559 vocem
1238 570 1243 588 .

131 593 279 660 debueris
300 592 353 657 vel
375 611 572 654 marmoreus
595 589 647 654 vel
670 593 811 654 aeneusl
836 597 972 655 auteur
1202 612 1251 662 11

130 699 165 762 in
191 698 326 763 carbone
349 703 407 760 tuo
427 693 539 757 charta
560 693 615 779 pia
640 701 714 757 tura
739 693 844 757 soluta

129 783 280 888 ponimus
303 807 336 864 et
360 806 485 863 sectum
507 797 603 863 vituli
624 797 711 861 iecur
734 797 871 880 albaque
894 796 982 881 porci

131 907 282 969 omenta?
305 911 343 967 ut
368 902 469 978 video,
494 902 622 965 nullum
644 900 816 964 discrimen
840 899 1028 966 habendum
1053 910 1108 966 est

131 1007 252 1092 effigies
275 1005 362 1069 inter
383 1013 506 1069 vestras
529 1012 734 1087 statuamque
755 1002 898 1086 Vagelli.'

172 1110 302 1194 Accipe,
327 1131 410 1194 quae
436 1116 547 1173 contra
568 1106 676 1170 valeat
700 1105 817 1170 solacia
839 1105 923 1170 ferre

131 1215 241 1300 etqui
265 1237 325 1279 nec
348 1213 474 1299 cynicos
498 1235 558 1277 nec
581 1211 683 1277 stoica
705 1211 858 1296 dogmata
880 1211 960 1298 legit
1020 1254 1021 1258 =

129 1339 150 1381 a
173 1318 290 1402 cynicis
314 1318 424 1381 tunica
446 1315 700 1391 distantiamon
725 1314 902 1398 Epicurum

130 1421 263 1506 suspicit
288 1422 396 1506 exigui
419 1421 543 1485 laetum
565 1420 766 1505 plantaribus
789 1418 883 1483 horti.

129 1535 281 1589 curentur
305 1525 396 1589 dubii
418 1525 550 1589 medicis
573 1525 747 1589 maioribus
771 1524 867 1609 aegri,

128 1637 167 1692 tu
189 1652 306 1693 venam
328 1629 381 1693 vel
403 1628 558 1714 discipulo
582 1628 749 1692 committe
772 1626 921 1712 Philippi.

129 1731 156 1794 si
177 1733 304 1795 nullum
327 1732 362 1794 in
384 1732 476 1796 terris
498 1740 567 1795 tam
590 1731 782 1796 detestabile
797 1731 919 1794 factum

129 1834 278 1911 ostendis
302 1843 401 1910 taceo,
424 1857 484 1898 nec
505 1835 624 1919 pugnis
646 1835 777 1899 caedere
798 1842 911 1919 pectus

126 1947 161 2002 te
184 1947 259 2002 veto
282 1962 342 2002 nec
364 1939 461 2023 plana
483 1940 598 2004 faciem
621 1939 816 2003 contundere
840 1938 957 2023 palma,

127 2041 390 2126 quandoquidem
414 2052 543 2127 accepto
567 2043 744 2108 claudenda
766 2050 815 2106 est
836 2043 935 2106 ianua
956 2040 1086 2121 damno,

127 2154 161 2210 ct
185 2147 304 2212 maiore
331 2147 444 2212 domus
468 2149 601 2234 gemitu,
625 2148 745 2214 maiore
768 2150 914 2214 tumultu

126 2249 326 2333 planguntur
347 2252 473 2315 nummi
496 2274 594 2336 quam
616 2253 735 2316 funera
779 2275 875 2317 nemo
897 2251 1040 2316 dolorem

126 2351 221 2435 fingit
243 2352 278 2415 in
300 2353 360 2416 hoc
383 2376 465 2432 casu,
488 2363 612 2419 vestem
635 2355 785 2420 diducere
808 2377 969 2420 summam

127 2463 305 2535 contentus
328 2482 444 2524 vexare
466 2460 572 2524 oculos
595 2482 707 2524 umore
730 2467 851 2525 coacto:

125 2559 271 2645 ploratur
294 2561 432 2626 lacrimis
456 2562 573 2626 amissa
594 2563 732 2647 pecunia
753 2563 844 2627 veris.

126 2661 181 2726 sed
205 2663 232 2727 si
255 2673 371 2728 cuncta
391 2665 481 2730 vides
503 2665 601 2730 simili
622 2666 690 2731 fora
711 2668 808 2752 plena
830 2667 980 2752 querella,

126 2765 153 2828 si
176 2766 302 2831 deciens
324 2768 415 2833 lectis
440 2769 566 2833 diversa
588 2778 680 2854 parte
703 2771 831 2834 tabellis

126 2891 211 2934 vana
233 2873 423 2956 supervacui
445 2873 557 2937 dicunt
580 2872 791 2960 chirographa
812 2872 901 2958 ligni,

23 3042 29 3051 ι
126 2972 232 3056 arguit
255 2975 397 3058 ipsorum
420 2998 498 3061 quos
520 2976 630 3040 littera
651 2999 843 3061 gemmaque
865 2977 1014 3063 princeps

126 3074 368 3160 sardonychum,
392 3078 504 3143 loculis
528 3101 611 3163 quae
633 3081 812 3146 custoditur
835 3081 979 3146 eburnis:

126 3185 191 3254 ten,
215 3201 233 3242 o
257 3179 398 3244 delicias!
424 3191 516 3246 extra
538 3184 721 3248 communia
743 3207 851 3250 censes

125 3283 318 3366 ponendum,
342 3285 419 3370 quia
440 3294 477 3350 tu
500 3289 639 3373 gallinae
661 3290 746 3354 filius
769 3291 870 3366 albae,
962 3315 965 3320 ·

125 3408 183 3448 nos
204 3386 284 3451 viles
305 3389 386 3473 pulli
407 3391 478 3454 nati
500 3392 680 3457 infelicibus
704 3393 788 3458 ovisl

124 3514 194 3557 rem
215 3495 335 3578 pateris
357 3494 516 3559 modicam
539 3504 572 3560 et
594 3497 748 3561 mediocri
769 3497 835 3561 bile
856 3495 1032 3576 ferendam,

125 3595 152 3660 si
174 3597 284 3660 flectas
306 3598 412 3663 oculos
434 3600 555 3663 maiora
577 3599 618 3664 ad
641 3601 781 3665 crimina
827 3599 935 3664 confer

124 3701 318 3765 conductum
340 3703 506 3780 latronem,
534 3703 682 3768 incendia
704 3704 834 3789 sulpure
860 3711 974 3788 coepta

124 3809 224 3889 atque
246 3806 326 3886 dolo,
346 3808 469 3894 'primos
490 3832 565 3874 cum
586 3809 683 3875 ianua
706 3809 826 3894 colligit
848 3807 960 3894 igncs;
