2550 4266
122 190 170 246 ,12
354 215 357 222 -
459 135 464 148 ’
603 158 683 257 ,m

86 402 87 407 ,
124 349 266 435 cogimur
288 357 321 413 et
345 346 444 413 cultis·
462 370 579 433 augere
602 349 732 434 peculia
750 349 858 415 servis.
886 402 890 409 .
920 398 922 405 -
971 383 975 389 ·

188 453 268 532 Quis
289 452 384 542 timet
404 460 464 515 aut
486 451 598 515 timuit
619 452 727 537 gelida
748 453 923 519 Praeneste
944 442 1084 534 ruinam,

124 565 181 620 aut
203 555 315 641 positis
340 576 515 618 nemorosa·
529 554 615 618 inter
637 554 714 639 iuga
735 555 896 632 Volsiniis,
921 565 978 620 aut

125 660 333 745 simplicibus·
347 658 465 734 Gabiis,
489 665 547 722 aut
571 658 666 742 proni
689 658 816 724 Tiburis
840 660 934 726 aroel
970 725 972 728 Α
1095 733 1099 741 ,

123 786 181 828 nos
204 764 317 828 urbem
341 761 473 826 colimus
496 760 599 825 tenui*
612 761 745 826 tibicine
768 763 884 826 fultam

123 889 242 951 magna
262 874 354 952 parte
377 865 447 929 sui:
469 886 547 927 nam
569 863 614 928 sic
635 863 819 928 labentibus
841 865 948 930 obstat

124 969 236 1033 vilicus
260 977 301 1047 et,
326 966 444 1032 veteris
466 966 567 1031 rimae
590 989 665 1031 cum
689 966 772 1030 texit
794 966 929 1043 hiatum,
967 1009 969 1012 .
1071 1017 1073 1024 .

125 1095 248 1137 securos
272 1072 435 1157 pendente
458 1070 549 1134 iubet
574 1070 713 1135 dormire
736 1070 837 1135 mina

124 1176 297 1240 vivendum
320 1183 369 1239 est
392 1174 466 1250 illic,
489 1174 546 1238 ubi
568 1174 658 1237 nulla
679 1173 834 1251 incendia,
856 1171 938 1237 nulli
1159 1250 1162 1258 ,

124 1288 217 1343 nocte
240 1287 353 1352 metus.
398 1277 464 1340 iam
484 1276 587 1362 poscit
608 1299 736 1362 aquam,
760 1275 825 1340 iam
847 1276 961 1340 frivola
980 1277 1136 1342 transfert
1161 1264 1164 1268 ⁵

124 1382 297 1466 Ucalegon,
320 1381 466 1446 tabulata
488 1381 548 1447 tibi
570 1380 637 1445 iam
658 1382 757 1446 tertia
778 1380 923 1473 fumant,
1057 1371 1059 1375 ’

124 1496 161 1550 tu
183 1486 293 1552 nescis.
338 1507 414 1548 nam
436 1485 463 1549 si
485 1485 637 1570 gradibus
660 1484 841 1570 trepidatur
862 1485 903 1547 ab
925 1482 1007 1560 imis,

124 1593 258 1656 ultimus
281 1592 415 1668 ardebit,
438 1615 536 1677 quem
558 1593 668 1678 tegula
689 1593 757 1656 sola
778 1600 889 1656 tuetur
1048 1579 1054 1588 ’
1158 1584 1161 1588 ⁴

124 1719 144 1761 a
165 1696 282 1782 pluvia,
305 1697 416 1761 molles
440 1695 497 1760 ubi
518 1696 658 1761 reddunt
681 1718 741 1759 ova
762 1695 936 1760 columbae.

123 1799 225 1864 lectus
247 1805 317 1864 erat
339 1799 442 1865 Oodro
465 1798 600 1863 Procula
621 1799 734 1877 minor,
756 1797 876 1862 urceoli
891 1820 957 1875 sex,
1075 1823 1080 1830 ·

124 1912 348 1968 ornamentum
370 1901 469 1979 abaci,
491 1924 550 1966 nec
571 1925 636 1967 non
658 1910 692 1967 et
709 1901 861 1987 parvulus
882 1901 967 1964 infra

123 2006 294 2070 cantharus
317 2014 350 2072 et
372 2006 528 2070 recubans
550 2006 610 2070 sub
632 2005 745 2070 eodem
767 2026 925 2068 marmore
947 2005 1076 2082 Chiron,
1147 2069 1158 2102 ¹,
1196 2034 1251 2100 205

123 2109 251 2195 iamque
274 2120 367 2175 vetus
390 2110 526 2175 Graecos
548 2110 697 2174 servabat
718 2110 798 2174 cista
820 2109 953 2186 libellos,

123 2220 156 2276 et
178 2213 288 2277 divina
310 2213 392 2298 opici
414 2213 570 2278 rodebant
593 2214 735 2278 carmina
756 2236 870 2279 mures.

122 2315 168 2380 nil
191 2316 306 2380 habuit
331 2316 460 2394 Codrus,
485 2317 556 2403 quis
578 2317 665 2382 enim
687 2321 806 2402 negat?
829 2326 863 2381 et
884 2324 995 2380 tamen
1016 2316 1098 2382 illud

122 2420 262 2505 perdidit
286 2420 399 2485 infelix
420 2429 527 2486 totum
550 2421 632 2485 nihil
644 2445 652 2501 ;
674 2421 809 2485 ultimus
831 2429 942 2484 autem
1185 2500 1188 2504 ¹

122 2545 292 2587 aerumnae
315 2532 363 2588 est
385 2525 540 2600 cumulus,
564 2524 650 2608 quod
671 2525 795 2589 nudum
817 2533 851 2588 et
872 2525 974 2589 fursta
994 2533 1164 2610 rogantem
1194 2551 1249 2598 210

122 2649 217 2691 nemo
240 2626 318 2704 cibo,
341 2648 436 2690 nemo
458 2626 597 2712 hospitio
620 2636 769 2712 tectoque
791 2627 923 2692 iuvabit.

122 2729 149 2793 si
171 2752 288 2815 magna
309 2730 451 2794 Asturici
473 2730 588 2795 cecidit
610 2730 732 2807 domus,
754 2731 883 2795 horrida
904 2741 1015 2809 mater,

121 2831 237 2915 pullati
259 2853 411 2916 proceres,
435 2833 543 2896 differt
564 2832 749 2896 vadimonia
769 2841 913 2918 praetor3

122 2944 199 2999 tunc
220 2935 379 3020 gemimus
401 2958 491 3000 casus
513 2936 609 3012 urbis,
632 2945 710 3001 tunc
732 2938 859 3002 odimus
878 2939 996 3024 ignem.

121 3039 212 3103 ardet
234 3038 345 3117 adhuc,
369 3046 401 3102 et
424 3038 488 3102 iam
510 3039 645 3104 accurrit
668 3040 724 3125 qui
746 3063 904 3106 marmore
924 3043 1030 3121 donet,
1192 3063 1249 3130 215

121 3143 261 3206 conferat
283 3141 458 3227 impensas:
482 3141 534 3206 hic
556 3142 645 3206 nuda
667 3152 700 3207 et
721 3144 858 3208 candida
879 3145 977 3229 signa,

121 3246 173 3309 hic
195 3245 315 3329 aliquid
337 3244 536 3329 praeclarum
558 3244 776 3330 Euphranoris
799 3255 832 3311 et
854 3248 1010 3331 Polycliti,

117 3344 397 3431 phaecasiatorum
429 3354 539 3413 vetera
560 3357 748 3413 ornamenta
769 3349 910 3426 deorum,

120 3451 172 3515 hic
193 3451 289 3514 libros
312 3449 402 3513 dabit
424 3457 458 3513 et
479 3450 596 3514 forulos
618 3451 822 3537 mediamque
844 3452 1032 3532 Minervam,

121 3554 173 3617 hic
193 3553 336 3618 modium
358 3553 489 3637 argenti
534 3554 667 3621 meliora
687 3578 724 3620 ac
744 3556 838 3641 plura
859 3557 987 3642 reponit

121 3655 264 3720 Persicus
286 3655 434 3719 orborum
456 3656 652 3722 lautissimus
674 3666 708 3724 et
730 3658 844 3723 merito
866 3659 931 3724 iam

120 3766 294 3844 suspectus,
317 3765 483 3842 tamquam
506 3757 574 3846 ipse
596 3782 669 3825 suas
690 3759 868 3826 incenderit
890 3760 992 3826 aedes
