2602 4282
640 188 704 263 XI

117 364 292 429 lancibus
314 363 466 450 oppositis
486 363 539 430 vel
560 364 673 429 matris
695 364 836 450 imagine
858 367 967 444 fracta,

122 475 168 530 et
201 466 450 553 quadringentis
473 467 615 530 nummis
638 467 767 532 condire
791 467 941 552 gulosum

80 569 263 636 afictile:
288 569 332 634 sic
353 571 489 634 veniunt
512 569 553 634 ad
574 570 779 635 miscellanea
800 571 876 636 ludi.

100 673 243 737 'refert
267 695 349 758 ergo,
374 673 446 758 quis
471 674 551 737 haec
575 673 688 737 eadem
713 682 820 760 paret:
845 675 880 739 in
901 675 1013 741 Rutilo
1035 693 1121 743 nam·

124 774 274 838 luxuria
295 782 352 852 est,
374 775 410 838 in
432 775 586 839 Ventidio
608 775 770 841 laudabile
791 799 910 843 nomen

126 876 245 940 sumit
272 885 305 941 ct
329 899 349 941 a
371 899 468 941 censu
494 877 614 941 famam
638 877 747 942 trahit.
791 879 885 944 illum
905 902 965 966 ego
988 880 1058 949 iure

128 978 326 1062 despiciam,
352 979 408 1064 qui
433 979 501 1055 scit,
529 987 651 1064 quanto
676 980 844 1046 sublimior
865 983 960 1048 Atlas

81 1105 108 1174 5
130 1082 293 1147 omnibus
315 1083 350 1146 in
373 1083 477 1168 Libya
502 1082 545 1147 sit
567 1083 740 1161 montibus,
764 1083 817 1148 hic
835 1092 947 1150 tamen
971 1086 1059 1154 idem

129 1185 277 1268 ignoret,
301 1180 460 1270 quantum
485 1185 603 1249 ferrata
629 1185 729 1250 distet
755 1186 796 1250 ab
823 1210 896 1252 area
958 1188 964 1201 '

130 1286 294 1350 sacculus.
339 1287 459 1352 ecaelo
483 1286 648 1352 descendit
676 1288 775 1370 «γνῶθι
799 1288 943 1372 σεαυτόν,

129 1388 307 1473 figendum
330 1398 364 1455 et
387 1390 523 1453 memori
546 1388 752 1454 tractandum
774 1400 912 1476 pectore,
939 1393 1006 1460 sive

131 1493 327 1576 coniugium
352 1514 485 1578 quaeras
511 1495 562 1558 vel
586 1495 667 1559 sacri
691 1495 726 1559 in
750 1504 843 1581 parte
869 1507 1000 1563 senatus

82 1618 111 1669 o
133 1620 212 1662 esse
237 1597 334 1679 velis;
361 1620 466 1683 neque
491 1598 579 1662 enim
604 1597 735 1662 loricam
758 1600 861 1684 poscit
886 1602 1021 1667 Achillis

130 1701 311 1779 Thersites,
336 1700 371 1764 in
394 1723 458 1786 qua
483 1722 517 1765 se
543 1702 772 1767 transducebat
796 1703 929 1786 Ulixes3

131 1806 316 1890 ancipitem
335 1827 393 1869 seu
416 1813 454 1869 tu
478 1828 595 1890 magno
620 1806 803 1873 discrimine
827 1831 956 1874 causam

131 1918 307 1997 protegere
333 1908 482 1986 adfectas
509 1917 543 1974 te
567 1910 705 1990 consule,
729 1910 781 1975 dic
804 1912 866 1977 tibi
885 1911 943 1998 qui
963 1912 1015 1990 sis,

131 2021 248 2079 orator
273 2007 452 2088 vehemens,
477 2035 519 2075 an
542 2011 674 2077 Curtius
698 2021 732 2078 et
757 2013 870 2078 Matho
893 2015 1019 2081 buccae.

83 2134 110 2202 5
132 2117 299 2183 noscenda
321 2125 370 2181 est
393 2139 544 2182 mensura
569 2118 618 2181 sui
644 2119 881 2204 spectandaque
904 2120 1000 2184 rebus

114 2223 170 2297 ⁴in
201 2219 334 2284 summis
360 2218 575 2303 minimisque,
603 2220 702 2285 etiam
727 2243 801 2285 cum
824 2222 920 2307 piscis
946 2231 1080 2299 emetur,

130 2349 177 2390 ne
206 2324 343 2388 mullum
369 2323 487 2408 cupias,
512 2345 586 2387 cum
610 2324 652 2388 sit
676 2325 737 2388 tibi
762 2325 857 2410 gobio
879 2334 1010 2392 tantum

130 2432 170 2495 in
197 2427 315 2493 loculis.
360 2428 433 2513 quis
451 2428 539 2491 enim
564 2435 597 2491 te
624 2427 793 2494 deficiente
817 2428 925 2493 culina

131 2543 170 2598 et
200 2540 359 2597 crescente
382 2531 459 2617 gula
484 2539 595 2595 manet
619 2530 733 2608 exitus,
761 2555 834 2598 aere
860 2541 995 2618 paterno

84 2662 115 2710 0
131 2662 173 2704 ac
200 2638 294 2701 rebus
318 2636 430 2700 mersis
455 2635 491 2698 in
513 2643 659 2699 ventrem
680 2635 798 2700 fenoris
824 2643 923 2722 atque

131 2740 266 2825 argenti
287 2740 392 2825 gravis
412 2747 446 2803 et
468 2760 620 2823 pecorum
636 2760 858 2823 *agrorumque
883 2743 1050 2824 capacem?

131 2844 260 2910 talibus
283 2867 304 2908 a
328 2843 464 2909 dominis
489 2849 562 2927 post
586 2851 702 2907 cuncta
723 2843 915 2907 novissimus
938 2843 1007 2907 exit

131 2948 264 3024 anulus,
290 2956 323 3013 et
347 2947 447 3033 digito
470 2945 633 3011 mendicat
656 2946 757 3011 Pollio
781 2947 876 3012 nudo.

131 3074 204 3117 non
227 3050 422 3136 praematuri
448 3049 568 3115 cineres
591 3072 651 3114 nec
674 3049 771 3113 funus
796 3050 948 3114 acerbum
1033 3113 1037 3119 .

89 3156 293 3240 5luxuriae,
318 3155 374 3220 sed
396 3163 500 3219 morte
523 3154 626 3239 magis
649 3152 824 3218 metuenda
847 3162 1001 3220 senectus

131 3260 173 3326 hi
198 3259 388 3343 plerumque
411 3256 536 3342 gradus.
581 3256 738 3322 conducta
762 3257 900 3342 pecunia
923 3257 1044 3322 Romae

131 3371 171 3430 et
197 3384 314 3426 eoram·
327 3360 466 3425 dominis
490 3360 703 3440 consumitur;
726 3359 802 3424 inde
827 3359 885 3424 ubi
907 3359 1042 3445 paulum

130 3466 245 3535 nescio
270 3464 348 3552 quid
372 3472 517 3550 superest
541 3471 574 3528 et
597 3462 698 3549 pallet
721 3462 838 3528 fenoris
863 3471 981 3542 auctor,

131 3570 195 3660 qui
217 3579 342 3634 vertere
366 3570 478 3648 solum,
503 3568 598 3632 Baias
621 3576 654 3632 et
680 3566 721 3631 ad
745 3575 849 3632 ostrea
874 3574 1014 3632 currunt.

90 3700 118 3751 ο
131 3675 250 3743 cedere
274 3696 415 3760 namque
441 3674 508 3738 foro
532 3673 597 3737 iarn
620 3694 686 3735 non
710 3679 759 3735 est
785 3670 926 3735 deterius
951 3667 1049 3756 quam

132 3779 298 3866 Esquilias
322 3801 342 3844 a
364 3778 503 3846 ferventi
526 3777 664 3862 migrare
687 3775 836 3861 Subura·
921 3842 927 3853 ,
