2550 4266
106 211 128 284 o
619 186 644 279 Ἰ

105 401 196 456 ‘cum
218 390 326 458 veniet
353 367 470 466 contra,
495 389 596 480 digito
619 411 783 475 compesce
804 390 964 456 labellum

105 503 268 561 accusator
289 493 350 560 erit
373 494 429 583 qui
451 493 585 557 verbum
608 493 726 557 dixerit
750 493 830 557 “hic
853 495 924 559 est?

105 622 233 663 securus
254 599 330 662 licet
352 598 486 675 Aenean
509 597 732 680 Rutulumque
754 597 892 662 ferocem

105 703 293 778 committas,
317 701 399 775 nulli
420 701 525 786 gravis
549 710 597 765 est
619 723 785 786 percussus
807 702 947 768 Achilles

105 814 162 870 aut
184 806 325 883 multum
348 805 512 889 quaesitus
535 805 637 889 Hylas
659 795 838 889 urnamque
860 813 1006 869 secutus:

107 931 181 972 ense
204 909 293 982 velut
316 908 425 972 stricto
449 908 597 992 quotiens
619 908 760 971 Lucilius
783 907 896 971 ardens

105 1011 278 1089 infremuit,
301 1013 395 1082 rubet
417 1012 551 1089 auditor,
574 1012 626 1076 cui
647 1013 763 1097 frigida
783 1033 874 1075 mens
896 1018 944 1075 est

105 1115 298 1191 criminibus,
321 1116 421 1191 tacita
443 1116 560 1202 sudant
582 1115 766 1201 praecordia
787 1115 888 1204 culpa

105 1219 179 1285 inde
201 1221 267 1283 irae
290 1228 322 1284 et
344 1220 500 1294 lacrimae.
544 1229 653 1285 tecum
675 1220 764 1305 prius
786 1240 859 1303 ergo
881 1217 992 1281 voluta

100 1321 182 1388 ‚haec
205 1323 311 1397 animo
333 1330 408 1387 ante
430 1324 533 1388 tubas.
578 1323 740 1407 galeatum
763 1343 831 1385 sero
854 1320 953 1384 duelli

104 1426 274 1512 paenitet'·
307 1428 459 1513 experiar,
484 1427 562 1514 quid
584 1427 774 1491 concedatur
795 1425 836 1510 in¹
852 1424 930 1499 illos,

106 1551 241 1615 quorum
264 1532 424 1596 Flaminia
441 1533 565 1617 tegitur
587 1531 667 1599 cinis
689 1539 787 1616 atque
809 1529 933 1592 Latina.

595 1887 665 1963 III

106 2060 260 2140 Quamvis
282 2061 424 2146 digressu
448 2059 566 2124 veteris
588 2059 737 2123 confusus
760 2058 862 2138 amici,

105 2163 199 2228 laudo
221 2171 340 2240 tamen,
363 2163 471 2227 vacuis
494 2161 580 2246 quod
603 2160 711 2225 sedem
733 2162 830 2246 figere
853 2162 963 2227 Oumis

23 2349 26 2354 Ι
105 2266 245 2330 destinet
268 2275 365 2350 atque
387 2288 489 2329 unum
509 2265 611 2329 civem
635 2265 751 2330 donare
775 2267 923 2351 Sibyllae.

105 2370 374 2435 ianua·Baiarum
397 2379 444 2434 est
467 2378 500 2433 et
522 2377 650 2452 gratum
672 2370 749 2433 litus
772 2370 898 2434 amoeni

106 2495 252 2539 secessus.
299 2495 356 2558 ego
378 2473 430 2536 vel
452 2472 643 2558 Prochytam
666 2495 825 2559 praepono
849 2473 1001 2550 Suburae.

105 2598 180 2639 nam
203 2575 280 2660 quid
302 2585 370 2640 tam
392 2576 554 2650 miserum,
578 2583 647 2639 tam
670 2577 772 2640 solum
795 2577 942 2653 vidimus
966 2585 1091 2641 utnon

105 2678 244 2742 deterius
266 2678 374 2743 credas
395 2680 523 2743 horrere
545 2680 700 2756 incendia,
724 2681 830 2766 lapsus

106 2790 263 2845 tectorum
281 2781 428 2847 adsiduos
450 2806 487 2847 ac
509 2782 597 2847 mille
620 2783 763 2868 pericula
784 2807 895 2849 saevae

106 2885 191 2949 urbis
214 2895 247 2950 ct
269 2888 416 2972 Augusto
437 2888 608 2952 recitantes
630 2911 739 2951 mense
761 2885 896 2973 poetasl

106 2993 162 3056 sed
184 2993 262 3058 dum
283 3003 353 3059 tota
375 2996 488 3062 domus
510 2994 587 3058 reda
609 2995 810 3079 componitur
832 3018 906 3070 una,

106 3095 248 3159 substitit
271 3097 311 3160 ad
332 3106 456 3163 veteres
480 3120 570 3161 arcus
593 3097 821 3182 madidamque
844 3098 1014 3183 Capenam.

105 3198 165 3275 hic,
187 3198 243 3263 ubi
264 3207 438 3264 nocturnae
461 3201 571 3263 Numa
593 3199 807 3264 constituebat
830 3201 957 3276 amicae,

106 3324 191 3366 nunc
213 3303 293 3366 sacri
315 3304 411 3367 fontis
433 3327 548 3367 nemus
573 3311 606 3366 et
628 3303 763 3368 delubra
785 3304 931 3368 locantur

106 3399 242 3478 Iudaeis,
267 3398 403 3488 quorum
426 3404 580 3489 cophinus
603 3406 798 3488 faenumque
823 3404 1010 3488 supellex-

107 3503 209 3565 omnis
232 3504 318 3567 enim
334 3504 458 3589 ⁴populo
481 3505 661 3570 mercedem
684 3505 824 3590 pendere
846 3503 931 3567 iussa
953 3513 1001 3568 est

107 3603 206 3682 arbor,
230 3614 262 3669 et
285 3607 394 3670 eiectis
416 3607 578 3672 mendicat
600 3607 680 3671 silva
703 3606 895 3672 Camenis—-

107 3706 141 3768 in
162 3707 279 3771 vallem
301 3708 434 3793 Egeriae
457 3710 678 3784 descendimus
701 3719 734 3774 et
756 3710 922 3794 speluncas

108 3806 274 3872 dissimiles
296 3810 386 3875 veris.
415 3795 551 3898 ¹quanto
574 3812 773 3898 praesentius
797 3820 880 3874 esset
