2550 4266
128 200 174 271 14
617 173 688 250 111

124 382 201 424 nam
223 356 250 422 si
271 355 444 446 procubuit
464 352 520 441 qui
542 376 619 418 saxa
640 353 804 440 Ligustica
824 365 953 444 portat*

124 463 193 526 axis
216 469 249 525 et
267 481 414 524 eversum
436 458 521 522 fudit
542 480 639 542 super
659 458 790 542 agmina
810 470 962 538 montem,

125 564 203 650 quid
226 571 370 648 superest
392 561 432 627 de
454 560 657 646 corporibus?
679 561 751 645 quis
772 562 924 639 membra,
948 561 1020 650 quis
1042 587 1118 633 ossa

126 667 272 732 invenit?
295 664 451 729 obtritum
472 663 561 748 vulgi
579 663 664 748 perit
685 685 779 728 omne
801 664 937 730 cadaver
1199 690 1257 754 260

126 792 213 833 more
235 768 369 832 animae.
413 767 526 830 domus
548 767 672 833 interea
693 789 803 831 secura
824 768 959 852 patellas

126 874 191 937 iam
212 874 299 937 lavat
321 880 355 936 et
376 872 476 936 bucca
497 871 638 934 foculum
660 870 781 934 excitat
803 879 837 935 et
858 879 951 935 sonat
973 872 1079 937 unctis

126 976 289 1061 striglibus
312 985 345 1041 et
366 976 461 1061 pleno
483 974 646 1059 componit
667 974 769 1039 lintea
789 983 876 1060 guto.

126 1082 205 1145 haec
226 1081 311 1144 inter
331 1101 447 1165 pueros
468 1079 555 1142 varie
576 1087 796 1164 properantur,
819 1087 853 1143 at
875 1078 930 1144 ille

127 1184 192 1248 iam
213 1184 303 1247 sedet
325 1182 359 1246 in
381 1183 451 1267 ripa
472 1168 677 1266 taetrumque
699 1181 841 1246 novicius
863 1181 971 1248 horret
1197 1213 1255 1294 265

126 1287 302 1372 porthmea,
325 1307 384 1350 nec
405 1293 514 1370 sperat
535 1284 641 1348 eenosi
663 1284 798 1369 gurgitis
820 1283 932 1348 alnum

126 1388 246 1466 infelix,
268 1410 327 1452 nec
349 1389 448 1452 habet
470 1410 568 1473 quem
590 1387 731 1472 porrigat
753 1409 806 1451 ore
829 1386 988 1454 trientem.

191 1491 325 1576 Respice
347 1512 433 1555 nunc
455 1491 519 1554 alia
540 1512 577 1554 ao
598 1489 724 1553 diversa
744 1489 887 1574 pericula
909 1490 1020 1565 noetis,

126 1595 211 1682 quod
235 1595 375 1681 spatium
397 1595 490 1660 tectis
513 1592 711 1669 sublimibus,
735 1592 820 1656 unde
842 1593 1007 1657 cerebrum

126 1708 210 1763 testa
231 1698 313 1774 ferit,
338 1697 484 1783 quotiens
506 1697 623 1760 rimosa
644 1705 678 1760 et
700 1703 791 1760 curta
811 1696 958 1781 fenestris
1194 1740 1254 1805 270

125 1825 201 1867 vasa
222 1802 346 1877 cadant,
370 1809 491 1886 quanto
513 1822 697 1888 percussum
718 1800 859 1885 pondere
881 1799 1009 1885 signent

125 1915 160 1970 et
181 1905 311 1970 laedant
334 1905 465 1991 silicem.
506 1903 606 1990 possis
628 1904 762 1989 ignavus
785 1902 896 1968 haberi

125 2019 159 2074 et
181 2009 279 2073 subiti
302 2031 391 2072 casus
413 2007 607 2093 inprovidus,
631 2007 672 2071 ad
694 2030 807 2072 cenam
830 2007 859 2071 si'

125 2113 297 2177 intestatus
320 2134 392 2176 eas:
416 2110 495 2176 adeo
518 2120 568 2177 tot
589 2111 664 2187 fata,
689 2118 769 2195 quot
790 2109 846 2174 illa
1127 2175 1129 2179 ,

125 2224 218 2280 nocte
239 2225 354 2301 patent
375 2214 487 2299 vigiles
509 2222 542 2279 te
565 2221 789 2298 praetereunte
811 2214 977 2279 fenestrae.
1190 2256 1250 2325 275

126 2342 199 2404 ergo
222 2329 312 2405 optes
333 2329 509 2405 votumque
531 2319 614 2382 feras
636 2318 817 2383 miserabile
839 2326 954 2394 tecum,

126 2433 163 2488 ut
185 2424 250 2488 sint
272 2432 440 2488 contentae
462 2423 590 2508 patulas
612 2421 786 2487 defundere
808 2422 923 2507 pelves.

126 2527 290 2590 ebrius-ac
312 2525 468 2611 petulans,
493 2525 549 2611 qui
571 2524 697 2611 nullum
719 2523 800 2588 forte
822 2522 946 2599 cecidit,

125 2633 181 2696 dat
202 2654 329 2718 poenas,
353 2640 480 2696 noctem
502 2629 626 2715 patitur
646 2629 786 2713 lugentis
808 2627 948 2692 amioum

126 2734 262 2809 Pelidae,
286 2734 383 2797 cubat
405 2733 439 2796 in
461 2732 582 2806 faciem,
607 2752 682 2793 mox
704 2729 822 2794 deinde
847 2729 987 2814 supinus.

128 2837 215 2922 [ergo
237 2859 302 2900 non
325 2836 418 2899 aliter
440 2834 559 2920 poterit
581 2832 740 2898 dormiret
763 2833 967 2918 quibusdam]

126 2963 273 3005 somnum
295 2941 364 3004 rixa
385 2939 470 3003 facit.
518 2938 574 3002 sed
596 2937 742 3022 quamvis
764 2937 927 3024 improbus
949 2936 1041 3001 annis

126 3055 223 3130 atque
245 3067 333 3108 mero
355 3044 480 3108 fervens
502 3051 594 3107 cavet
616 3042 709 3117 hunc,
734 3062 830 3126 quem
852 3039 978 3104 coccina
999 3039 1093 3105 laena

128 3149 221 3214 vitari
243 3148 334 3212 iubet
356 3156 390 3211 et
412 3146 565 3210 comitum
587 3145 790 3230 longissimus
813 3143 896 3222 ordo,
1092 3150 1095 3154 ’

125 3251 266 3315 multum
287 3258 453 3335 praeterea
474 3246 677 3310 flammarum
699 3254 732 3311 et
754 3268 854 3310 aenea
875 3245 997 3330 lampas
1008 3269 1016 3323 ;
1191 3276 1250 3356 285

125 3377 186 3431 me,
209 3376 306 3439 quem
328 3351 406 3415 luna
427 3349 507 3414 solet
528 3350 685 3414 deducere
707 3350 758 3414 vel
780 3350 876 3413 breve
897 3347 1007 3411 lumen

126 3456 283 3532 candelae,
307 3455 397 3520 cuius
419 3453 566 3539 dispenso
588 3461 622 3518 et
644 3460 787 3538 tempero
809 3452 907 3530 filum,

126 3559 310 3627 contemnit
354 3557 488 3620 miserae
510 3578 661 3641 cognosce
682 3556 845 3643 prooemia
865 3556 961 3631 rixae,

127 3666 153 3731 si
175 3664 245 3727 rixa
266 3670 322 3740 est,
345 3661 401 3725 ubi
422 3668 459 3725 tu
480 3662 597 3746 pulsas,
621 3683 678 3748 ego
701 3660 817 3746 vapulo
838 3666 974 3728 tantum.

126 3775 191 3832 stat
212 3773 323 3832 contra
343 3762 484 3849 starique
505 3764 604 3833 iubet
646 3786 756 3854 parere
778 3784 906 3828 necesse
927 3775 982 3840 est,
1188 3811 1248 3874 290
