2550 4266
84 355 203 421 vilibus
225 353 380 441 ancipites
402 351 494 440 fungi
515 363 678 440 ponentur
700 354 818 431 amicis,

83 457 212 522 boletus
234 457 370 536 domino,
394 466 444 522 set
466 457 577 543 quales
600 458 753 523 Claudius
775 459 843 524 edit

82 567 162 625 ante
184 558 277 624 illum
298 561 413 639 uxoria,
436 570 508 647 post
530 564 629 647 quein
650 562 697 627 nil
719 564 856 649 amphus
879 563 954 630 edit.

82 663 178 728 Virro
200 664 261 728 sibi
284 673 318 728 et
339 665 470 749 reliquis
492 665 682 730 Virronibus
704 666 761 730 illa
782 666 907 730 iubebit

10 787 12 792 ’
16 781 68 850 50
79 789 180 852 poma
202 767 278 845 dari,
302 790 439 852 quorum
461 768 526 832 solo
548 769 687 853 pascaris
711 769 814 845 odore,

80 870 192 955 qualia
213 880 388 955 perpetuus
410 871 593 935 Phaeacum
616 880 790 937 autumnus
812 872 963 949 habebat,

79 973 211 1039 credere
234 997 317 1059 quae
340 975 440 1060 possis
463 975 617 1060 subrepta
640 975 797 1040 sororibus
819 977 923 1056 Afris3

78 1088 121 1144 tu
143 1078 247 1143 scabie
269 1078 383 1143 frueris
405 1079 491 1156 mali,
515 1080 601 1164 quod
623 1078 658 1142 in
681 1102 797 1165 aggere
820 1080 904 1144 rodit
926 1098 929 1102 ’

78 1181 139 1266 qui
161 1181 283 1265 tegitur
303 1203 416 1266 parma
437 1191 471 1246 et
492 1183 585 1267 galea
606 1191 816 1267 metuensque
838 1184 958 1268 flagelli
1040 1184 1047 1197 ⁸

10 1299 64 1369 55
77 1283 176 1348 discit
197 1284 238 1348 ab
260 1284 385 1349 hirsuta
407 1285 548 1349 iaculum
570 1295 719 1371 torquere
742 1287 870 1371 capella.

76 1386 214 1451 forsitan
237 1387 400 1472 impensae
423 1388 591 1453 Virronem
615 1412 742 1476 parcere
765 1392 893 1471 credas3

75 1492 141 1555 hoc
163 1491 238 1576 agit,
262 1500 301 1555 ut
323 1492 452 1573 doleas;
474 1515 552 1557 nam
575 1516 657 1579 quae
680 1495 850 1571 comoedia,
874 1495 992 1558 mimus
1096 1572 1099 1577 ι

77 1594 153 1680 quis
174 1594 289 1658 melior
309 1595 457 1679 plorante
480 1597 581 1681 gulal
605 1619 679 1681 ergo
703 1597 809 1661 omnia
831 1597 921 1675 fiunt,

75 1699 106 1763 si
129 1699 240 1775 nescis,
265 1706 303 1762 ut
324 1721 383 1783 per
405 1700 552 1763 lacrimas
575 1689 738 1763 effundere
761 1700 860 1763 bilem

10 1807 63 1868 60
76 1803 200 1888 cogaris
224 1801 396 1889 pressoque
418 1801 475 1867 diu
498 1803 631 1868 stridere
653 1803 773 1868 molari.

71 1915 115 1971 tu
136 1905 198 1969 tibi
219 1905 301 1970 liber
323 1907 418 1970 homo
441 1914 475 1970 et
496 1906 580 1990 regis
603 1906 736 1970 conviva
757 1905 896 1971 videris:

73 2017 209 2094 captum
231 2018 265 2073 te
287 2009 398 2074 nidore
421 2032 498 2074 suae
520 2018 616 2094 putat
638 2010 692 2073 ille
715 2010 848 2089 culinae,

74 2135 137 2177 nec
159 2112 244 2176 male
266 2113 444 2193 coniectat;
467 2114 539 2200 quis
562 2113 648 2177 enim
671 2121 738 2177 tam
761 2115 875 2191 nudus,
898 2114 1052 2179 utillum

73 2217 127 2282 bis
149 2216 240 2292 ferat,
264 2217 438 2282 Etruscum
459 2240 559 2303 puero
582 2217 609 2281 si
632 2217 765 2301 contigit
789 2241 903 2282 aurum

10 2331 61 2411 65
74 2321 129 2385 vel
151 2321 253 2385 nodus
276 2329 406 2385 tantum
430 2330 463 2386 et
486 2322 614 2405 signum
637 2321 677 2385 de
699 2344 839 2406 paupers
862 2323 953 2387 lorol

74 2447 148 2511 spes
170 2425 253 2489 bene
276 2425 412 2489 cenandi
434 2448 490 2490 vos
512 2425 640 2510 decipit,
666 2432 754 2490 ‘ecoe
777 2427 867 2491 dabit
889 2427 954 2490 iam

74 2550 237 2593 semesum
258 2528 399 2613 leporem
422 2528 664 2613 atquealiquid
687 2528 727 2592 de
750 2529 896 2592 clunibus
919 2527 996 2613 apri,

73 2631 118 2696 ad
139 2655 197 2696 nos
218 2632 285 2695 iam
307 2632 417 2696 veniet
439 2632 545 2695 minor
567 2630 683 2710 altilis‚'
706 2632 781 2696 inde
802 2639 914 2716 parato

73 2736 262 2820 intactoque
286 2756 396 2800 omnes
419 2742 452 2799 et
475 2734 586 2798 stricto
607 2757 692 2819 pane
714 2735 834 2800 tacetis.

15 2863 61 2928 70
72 2841 129 2905 ille
152 2840 245 2925 sapit,
269 2839 380 2924 quite
403 2839 447 2902 sic
467 2840 579 2904 utitur.
625 2839 733 2902 omnia
754 2838 836 2902 ferre

73 2944 103 3009 si
124 2951 224 3029 potes,
249 2950 282 3006 et
304 2942 421 3006 debes:
444 2941 638 3027 pulsandum
661 2941 780 3006 vertice
799 2957 872 3006 ¹raso

66 3043 243 3136 'praebebis
265 3046 457 3131 quandoque
480 3055 584 3130 caput,
607 3068 667 3110 nec
689 3045 768 3109 dura
790 3045 920 3109 timebis

75 3151 177 3235 flagra
197 3149 267 3234 pati
286 3148 337 3213 his
360 3148 463 3233 epulis
486 3155 520 3212 et
541 3148 601 3211 tali
623 3148 740 3233 dignus
762 3147 873 3214 amico.

303 3398 346 3465 Ι).
381 3397 535 3465 ΙΠΝΙΙ
596 3391 913 3464 IUVENALIS

390 3577 830 3701 SATURARUM

437 3778 563 3829 LIBER
607 3775 791 3830 TERTIUS.
