2550 4266
82 421 264 465 sermonem
286 388 419 476 indocti,
440 397 556 461 faciem
573 397 730 463 'deformis
753 402 856 482 amici,
883 388 886 397 Α
952 389 983 482 ,’

82 513 117 566 et
139 504 271 587 longum
293 501 427 565 invalidi
450 501 568 564 collum
591 501 767 567 cervicibus
789 512 908 589 aequat

82 605 234 669 Hereuhs
254 606 418 668 Antaeum
439 605 551 689 procul
573 627 593 669 a
613 608 729 671 tellure
752 611 903 688 tenentia,

25 731 68 795 90
82 707 220 772 miratur
240 695 352 771 vocem
374 717 554 792 angustam,
579 730 643 794 qua
664 712 805 776 deterius
826 737 886 780 nee

10 822 15 833 '
62 808 138 872 ille
160 818 261 886 sonat,
285 832 348 893 quo
370 809 535 873 mordetur
557 799 676 895 gallina
697 813 835 879 marito?

82 900 163 977 haec
185 912 298 978 eadem
320 913 396 977 licet
410 907 451 978 ⁴et
474 915 566 979 nobis
588 915 737 996 laudare3
762 916 817 980 sed
840 917 903 982 illis

81 1017 230 1081 ereditur.
275 1040 317 1081 an
339 1019 460 1094 melior,
486 1040 560 1082 oum
583 1019 706 1083 Thaida
728 1019 865 1084 sustinet
887 1028 944 1084 aut
966 1043 1039 1086 oum

82 1141 216 1184 uxorem
238 1120 409 1185 comcedus
432 1121 499 1205 agit
521 1121 573 1185 vel
594 1122 716 1186 Dorida
736 1123 825 1187 nullo

21 1234 66 1299 95
82 1222 204 1286 cultam
225 1223 378 1307 palliolot
400 1224 517 1288 mulier
539 1247 656 1310 nempe
678 1213 749 1310 ipsa
769 1227 904 1306 videtur,

27 1370 31 1377 ·
80 1346 148 1388 non
169 1347 305 1410 persona
327 1326 423 1411 loqui,
447 1351 548 1393 vacua
570 1338 603 1393 et
624 1331 721 1414 plana
743 1332 851 1396 omnia
873 1331 958 1397 dicas

79 1429 169 1494 infra
187 1430 402 1494 ventriculum
426 1440 459 1495 et
482 1432 574 1496 tenui
596 1433 751 1497 distantia
772 1434 860 1498 rima

78 1554 141 1598 nec
162 1541 273 1598 tamen
294 1518 483 1610 Antiochus,
508 1557 567 1598 nee
589 1535 650 1599 erit
673 1536 826 1599 mirabilis
848 1537 912 1601 illic

78 1646 139 1702 aut
161 1638 333 1703 Stratocles
354 1648 412 1703 aut
434 1660 507 1703 curn
530 1639 619 1702 molli
640 1640 825 1705 Demetrius
848 1641 993 1706 Haemo:

14 1767 63 1811 00
78 1741 170 1804 natio
193 1741 344 1805 comoeda
367 1732 423 1805 est.
468 1742 561 1818 rides,
587 1743 707 1807 maiore
731 1745 884 1809 cachinno

77 1845 277 1925 concutitur3
301 1845 366 1922 flet,
391 1845 418 1909 si
442 1845 588 1909 lacrimas
612 1847 778 1931 conspexit
801 1848 904 1924 amici,

76 1971 140 2012 neo
164 1948 251 2012 dolet
258 1971 266 2027 ;
288 1948 466 2037 igniculum
487 1949 621 2011 vbrumae
644 1948 670 2011 si
692 1959 837 2034 tempore
859 1972 976 2034 poscas,

76 2051 196 2138 accipit
219 2050 456 2129 endromidem3
478 2049 504 2113 si
529 2050 646 2113 dixeris
670 2053 833 2130 “aestuo”
856 2053 982 2118 sudat.⁴

79 2153 161 2239 [non
183 2176 293 2218 sumus
316 2176 390 2238 ergo
413 2176 520 2239 pares:
544 2154 665 2232 melior,
689 2155 745 2239 qui
767 2179 893 2242 semper
914 2167 947 2224 et
970 2158 1070 2247 omni]

10 2283 60 2351 05
75 2269 172 2325 noete
193 2260 311 2345 dieque
333 2269 439 2345 potest
461 2260 567 2324 aliena
588 2281 713 2324 sumere
735 2262 862 2326 vultum

52 2382 98 2429 Ia
120 2364 208 2441 facie,
231 2364 350 2427 iactare
373 2386 496 2440 manue,
520 2363 651 2428 laudare
671 2372 812 2448 paratus,

75 2470 104 2533 si
127 2469 209 2547 bene
230 2468 379 2544 ructavit,
403 2467 430 2530 si
452 2474 577 2531 rectum
599 2467 717 2531 minxit
740 2468 867 2549 amicus,

75 2572 105 2638 si
127 2573 224 2636 trulla
245 2572 371 2635 inverso
393 2571 551 2655 crepitum
574 2569 664 2635 dedit
686 2593 782 2635 aurea
804 2572 910 2638 fundo.

75 2683 242 2760 praeterea
264 2662 411 2737 sanctum
433 2672 514 2735 nihil
540 2681 589 2736 est
610 2695 669 2736 nec
690 2673 732 2737 ab
754 2674 885 2758 inguine
907 2683 1024 2753 tutum,
1111 2698 1112 2701 ¹

14 2801 61 2847 10
77 2800 143 2841 non
165 2786 311 2841 matrona
331 2776 415 2854 laris,
438 2799 504 2840 non
525 2775 592 2839 filia
613 2776 710 2860 virgo,
734 2798 839 2859 neque
861 2778 929 2862 ipse

77 2901 212 2964 sponsus
233 2878 313 2942 levis
336 2877 448 2954 adhue,
473 2900 538 2941 non
560 2877 645 2942 filius
667 2886 743 2941 ante
764 2877 918 2962 pudicus;

77 2984 193 3048 horum
217 2983 244 3047 si
267 2982 351 3046 nihil
374 2990 431 3058 est,
458 2983 564 3045 aviam
588 2981 753 3066 resupinat
775 2982 877 3047 amici.

78 3089 172 3176 [scire
186 3088 300 3171 volunt
316 3098 440 3153 secreta
461 3089 574 3153 domus
597 3097 695 3174 atque
720 3090 795 3155 inde
816 3091 942 3176 timer-i]

78 3203 113 3259 et
135 3196 287 3279 quoniam
309 3193 415 3278 coepit
438 3193 632 3258 Graecorum
654 3194 784 3274 mentio,
808 3197 909 3259 transi

19 3314 63 3383 15
78 3299 247 3384 gymnasia
268 3307 367 3381 atque
390 3297 466 3361 audi
488 3297 611 3361 facinus
633 3297 761 3362 maioris
783 3299 928 3366 abollae.'

79 3400 195 3465 stoicus
217 3400 332 3463 occidit
354 3400 491 3462 Baream
524 3399 651 3476 delator,
669 3400 806 3464 amicum

79 3498 332 3585 discipulumque
354 3520 460 3576 senex,
483 3500 554 3582 ripa
575 3499 716 3563 nutritus
738 3499 772 3562 iu
794 3499 857 3574 illa,

79 3603 120 3667 ad
142 3624 240 3687 quam
262 3601 421 3686 Gorgonei
444 3602 575 3686 delapsa
596 3612 645 3668 est
666 3603 766 3688 pinna
788 3602 910 3670 caballi

77 3727 143 3770 non
167 3713 216 3770 est
240 3705 384 3768 Romano
407 3706 558 3789 cuiquam
580 3704 667 3770 locus
689 3707 750 3781 hic,
773 3706 829 3770 ubi
851 3714 964 3791 regnat

10 3827 66 3874 :20
79 3807 273 3894 Protogenes
295 3805 411 3891 aliquis
433 3806 485 3872 vel
506 3807 657 3891 Diphilus
679 3816 735 3873 aut
757 3807 983 3886 Hermarchus,
