2550 4266
575 235 688 310 XIII

95 398 132 463 ἦ
153 407 278 486 Martis
292 422 447 486 frameam
473 428 505 485 et
530 419 651 486 Cirraei
675 421 798 506 spicula
820 424 910 501 vatis,

89 523 163 590 'ltr
185 530 323 594 calamos
339 527 516 593 'venatricis
538 528 787 613 pharetramque
812 528 940 613 puellae

105 631 222 720 Perque
245 643 349 711 tuum,
373 640 466 718 pater
487 631 610 716 Aegaei
632 631 796 716 Neptune,
819 631 994 697 tridentem
1006 659 1014 714 ;

111 733 191 803 addit
216 747 250 804 et
274 738 451 802 Herculeos
478 758 569 800 arcus
592 735 783 820 hastamque
807 735 981 812 Minervae,

111 843 259 928 quidquid
283 842 407 906 habent
430 841 569 904 telorum
591 837 840 902 armamentaria
864 839 950 904 caeli.

108 945 225 1012 sivero
250 956 284 1011 et
307 956 400 1032 pater
422 955 480 1024 est,
505 944 706 1019 ‘comedam'
730 944 853 1028 inquit
870 945 994 1010 ‘flebile
1016 947 1086 1011 nati

89 1051 242 1136 {sinciput
264 1051 340 1115 elixi
363 1051 545 1135 Pharioque
569 1050 728 1114 madentis
751 1049 857 1119 aceto?

143 1156 230 1221 Sunt
251 1157 285 1220 in
309 1158 456 1222 fortunae
481 1155 538 1241 qui
551 1155 683 1220 casibus
705 1155 814 1218 omnia
836 1164 959 1240 ponant

98 1267 132 1322 et
154 1260 244 1324 nullo
269 1260 401 1324 credant
424 1259 586 1323 mundum
608 1267 731 1324 rectore
756 1259 886 1336 moveri,

94 1374 217 1428 natura
240 1366 389 1430 volvente
414 1366 498 1429 vices
523 1374 556 1429 et
580 1365 660 1428 lucis
683 1373 716 1429 et
740 1365 826 1441 anni,

94 1477 197 1553 atque
221 1469 293 1534 ideo
313 1470 467 1554 intrepidi
492 1492 713 1554 quaecumque
739 1470 854 1533 altaria
873 1478 1021 1555 tangunt.

92 1572 161 1654 [est
184 1572 267 1636 alius
290 1582 447 1650 metuens,
473 1595 515 1636 ne
540 1573 661 1636 crimen
683 1595 787 1657 poena
810 1582 964 1657 sequatur
974 1573 997 1656 ;]

92 1674 149 1738 hio
174 1683 271 1759 putat
295 1698 362 1740 esse
384 1676 460 1740 deos
484 1659 527 1739 et¹
541 1676 673 1760 peierat,
698 1684 796 1760 atque
818 1676 866 1739 ita
889 1697 1016 1739 secum:

92 1777 266 1842 ‘decernat
291 1779 517 1864 quodcumque
541 1779 628 1843 volet
650 1779 690 1842 de
715 1801 844 1864 corpore
868 1787 976 1842 nostro

92 1881 158 1944 Isis
185 1890 219 1945 et
243 1883 324 1946 irato
348 1883 444 1947 feriat
469 1904 543 1946 mea
569 1881 693 1945 lumina
719 1882 819 1960 sistr0,

93 1985 273 2049 dummodo
295 1986 346 2051 vel
370 2007 482 2048 caecus
504 1993 634 2048 teneam
655 2007 734 2069 quos
758 1986 882 2070 abnego
906 2008 1063 2050 nummos.

95 2098 132 2154 et
156 2089 296 2173 phthisis
321 2097 354 2154 et
377 2089 520 2153 vomicae
544 2096 655 2172 putres
678 2096 711 2151 et
735 2089 906 2152 dimidium
931 2112 1002 2154 crus

95 2202 175 2257 sunt
198 2193 291 2256 tanti.
335 2213 458 2278 pauper
480 2191 674 2275 locupletem
698 2199 808 2275 optare
833 2192 1007 2277 podagram

93 2283 157 2359 neo
180 2296 309 2359 dubitet
332 2295 445 2372 Ladas,
471 2293 498 2357 si
522 2315 587 2356 non
611 2300 684 2377 eget
707 2294 864 2379 Anticyra
886 2317 945 2358 nec

96 2399 300 2483 Archigene3
322 2399 401 2484 quid
425 2398 513 2461 enim
535 2396 651 2460 velocis
674 2396 776 2480 gloria
799 2397 930 2480 plantae

97 2510 241 2587 praestat
264 2509 297 2565 et
322 2501 464 2565 esuriens
488 2500 620 2563 Pisaeae
646 2521 754 2563 ramus
777 2499 902 2564 olivae?

97 2614 135 2670 ut
159 2606 202 2669 sit
225 2627 351 2690 magna,
374 2613 486 2668 tamen
509 2611 594 2666 certe
619 2602 708 2671 lenta
728 2602 776 2665 ira
801 2602 934 2665 deorum
958 2611 1038 2681 est;*

96 2710 123 2773 si
150 2717 265 2774 curant
287 2709 388 2794 igitur
408 2716 538 2771 cunctos
561 2706 676 2792 punire
700 2713 860 2782 nocentes,

96 2813 225 2898 quando
249 2814 290 2878 ad
312 2835 364 2876 me
389 2812 543 2876 venienti
567 2811 623 2875 sed
647 2818 680 2874 et
707 2809 867 2874 exorabile
890 2831 1013 2872 numen

95 2919 230 2981 fortasse
254 2899 420 3002 experiar3
446 2917 526 2979 solet
551 2915 601 2978 his
626 2898 795 2999 ignoscere.
840 2913 937 2977 multi

97 3020 308 3084 committunt
332 3018 446 3083 eadem
471 3019 595 3081 diverso
620 3017 755 3081 crimina
781 3017 868 3097 fat03

97 3124 151 3188 ille
172 3145 300 3186 crucem
322 3122 446 3186 sceleris
472 3121 614 3206 pretium
638 3121 723 3196 tulit,
748 3120 801 3184 hic
825 3117 989 3183 diadema'

96 3229 141 3292 sic
164 3227 310 3292 animum
337 3226 424 3289 dirae
448 3225 612 3309 trepidum
636 3208 817 3288 formidine
830 3223 942 3308 culpae

97 3332 275 3408 confirmat,
298 3339 377 3394 tuno
400 3338 434 3393 te
458 3350 547 3392 sacra
571 3327 612 3391 ad
636 3328 769 3392 delubra
793 3335 961 3392 vocantem

96 3436 270 3522 praecedit,
295 3436 423 3499 trahere
447 3434 546 3497 immo
570 3433 655 3496 ultro
678 3455 715 3496 ao
734 3453 851 3495 vexare
871 3437 1010 3516 paratus,

97 3565 176 3605 narn
202 3562 276 3603 cum
300 3561 418 3623 magna
441 3538 545 3601 malae
571 3543 715 3621 superest
738 3533 872 3598 audacia
895 3552 1016 3607 causae,

98 3642 283 3707 creditura
306 3641 418 3705 multis
442 3640 566 3704 fiducia
612 3639 749 3702 mimum
773 3637 840 3722 agit
863 3637 927 3715 ille,

97 3744 215 3811 urbani
239 3744 368 3830 qualem
391 3743 547 3828 fugitivus
570 3763 677 3805 scurra
698 3739 837 3818 Catulli;

97 3859 137 3917 tu
159 3848 258 3915 miser
282 3846 449 3924 exclamas,
473 3851 512 3909 ut
536 3843 689 3910 Stentora
712 3840 839 3906 vincere
861 3838 971 3924 possis,

1051 3942 1126 4034 s
