2550 4266
144 604 225 672 Ecce
249 605 368 671 iterum
391 604 565 692 Crispinus,
589 613 623 669 et
645 611 694 669 est
715 603 797 668 mihi
819 625 913 690 saepe
935 595 1096 679 vocandus

144 712 184 778 ad
207 722 322 799 partes,
346 720 527 775 monstrum
548 712 639 775 nulla
660 712 781 775 virtute
803 711 1007 798 redemptum

144 817 281 895 avitiis,
315 838 428 901 aegrae
451 817 581 902 solaque
604 815 738 880 libidine
760 816 858 880 fortes

144 918 288 987 deliciae:
307 919 420 984 viduas
442 927 572 984 tantum
594 928 764 1005 spernatur
785 919 919 986 adulter.

145 1020 223 1107 quid
245 1021 343 1086 refert
365 1021 474 1107 igitur,
498 1023 628 1108 quantis
650 1022 798 1088 iumenta
819 1024 933 1109 fatiget

143 1124 328 1211 porticibus,
352 1135 473 1210 quanta
494 1148 664 1190 nemorum
686 1134 832 1190 vectetur
853 1127 888 1190 in
910 1129 1032 1204 umbra,

144 1227 255 1313 iugera
277 1236 355 1314 quot
377 1228 481 1293 vicina
502 1229 578 1305 foro,
603 1250 681 1314 quas
704 1230 819 1295 emerit
841 1231 934 1295 aedes

141 1328 249 1413 [nemo
264 1333 368 1398 malus
389 1330 475 1407 felix,
498 1331 633 1395 minime
656 1341 821 1418 corruptor
843 1341 877 1398 et
898 1332 998 1420 idem]

144 1432 291 1511 incestus,
315 1456 388 1497 cum
412 1455 475 1518 quo
497 1455 601 1518 nuper
623 1433 742 1498 vittata
764 1435 889 1500 iacebat

144 1538 298 1623 sanguine
321 1537 425 1602 adhuc
447 1538 520 1601 vivo
542 1547 661 1602 terram
685 1539 831 1603 subitura
853 1539 1020 1608 sacerdos?

144 1640 199 1705 sed
221 1662 307 1704 nunc
329 1639 368 1704 de
391 1639 483 1703 factis
505 1639 756 1705 levioribus-et
777 1648 889 1705 tamen
911 1642 993 1706 alter
1012 1683 1017 1690 -

144 1744 171 1808 si
193 1743 318 1808 fecisset
340 1744 434 1822 idem,
458 1743 586 1809 caderet
608 1744 667 1809 sub
690 1744 794 1808 iudice
816 1767 951 1823 morum,

143 1871 219 1913 narn
241 1848 326 1933 qued
348 1856 443 1932 turpe
465 1847 566 1924 bonis,
590 1848 678 1912 Titio
701 1847 849 1932 Seioque,
873 1848 1006 1913 decebat

144 1951 450 2037 Crispinum-quid
472 1974 555 2036 agas,
580 1974 653 2016 cum
676 1952 745 2016 dira
768 1962 801 2016 et
822 1953 945 2017 foedior
966 1953 1054 2016 omni

143 2057 275 2121 crimine
297 2080 433 2143 persona
455 2060 525 2121 est?
547 2059 685 2122 mullum
708 2081 763 2122 sex
785 2058 916 2122 milibus
938 2057 1025 2132 emit,

142 2170 336 2247 aequantem
360 2183 435 2225 sane
457 2162 588 2247 paribus
611 2162 759 2227 sestertia
779 2161 876 2239 libris,

142 2275 180 2330 ut
201 2264 373 2350 perhibent
395 2265 452 2350 qui
474 2265 513 2330 de
535 2266 660 2347 magnis
681 2265 804 2329 maiora
824 2265 1008 2351 lequuntur.

142 2368 310 2433 consilium
332 2368 427 2433 laudo
450 2369 588 2445 artificis,
612 2368 640 2431 si
661 2390 795 2432 munere
817 2376 909 2433 tanto

142 2461 347 2559 praecipuam
369 2471 405 2535 in
426 2471 546 2535 tabulis
568 2493 674 2534 ceram
696 2471 780 2536 senis
803 2471 937 2537 abstulit
957 2470 1044 2550 orbi3

142 2585 192 2641 cst
213 2576 295 2640 ratio
317 2576 457 2654 ulterior,
480 2597 616 2660 magnae
639 2574 666 2638 si
687 2575 776 2638 misit
798 2575 927 2651 amicae,

142 2702 224 2767 quae
246 2680 377 2745 vehitur
399 2680 484 2744 cluso
507 2677 582 2743 latis
605 2677 822 2763 specularibus
844 2687 943 2766 antro.

142 2784 188 2848 nil
210 2785 274 2848 tale
297 2790 469 2869 exspectes
495 2781 575 2846 emit
597 2781 666 2845 sibi.
711 2780 816 2843 multa
837 2779 992 2854 videmus,

143 2909 224 2974 quoe
247 2881 344 2950 miser
367 2894 401 2950 et
422 2886 507 2970 frugi
529 2907 595 2949 non
617 2883 693 2948 fecit
714 2882 854 2967 Apicius.
898 2882 957 2946 hoc
979 2891 1024 2958 tu,

142 2989 321 3055 succinctus
343 2988 449 3075 patria
470 2988 642 3073 quondam,
667 2986 820 3072 Crispine,
843 3007 972 3071 papyro,

142 3093 202 3158 hoc
223 3093 326 3179 pretio
349 3095 538 3176 squamam?
560 3091 667 3177 potuit
689 3090 821 3201 fortasse
843 3088 974 3152 minoris

141 3199 279 3283 piscator
301 3216 398 3281 quam
419 3194 514 3279 piscis
537 3195 621 3274 emi3
642 3193 805 3279 provincia
826 3193 910 3257 tanti

141 3300 253 3365 vendit
275 3321 374 3384 agree,
397 3298 453 3362 sed
474 3298 610 3362 maiores
632 3297 752 3383 Apulia
772 3297 893 3361 vendit.

143 3405 252 3490 quales
275 3413 354 3468 tunc
377 3401 488 3487 epulas
511 3402 616 3487 ipsum
639 3401 786 3486 gluttisse
808 3408 960 3487 putamus

142 3506 410 3591 induperatorem,
433 3526 507 3568 cum
529 3512 579 3569 tot
601 3507 747 3569 sestertia
768 3513 895 3590 partem

143 3611 293 3694 exiguam
316 3616 349 3672 et
371 3607 516 3672 modicae
534 3617 703 3714 pumptam
725 3609 765 3674 dc
779 3609 932 3694 ‘margine
953 3629 1050 3673 cenae

142 3735 321 3799 purpureus
343 3712 453 3797 magni
474 3713 612 3777 ructarit·
631 3736 738 3777 scurra
759 3712 872 3790 Palati,

142 3818 207 3882 iam
229 3817 377 3904 princeps
400 3816 556 3903 equitum,
579 3839 697 3902 magna
719 3815 776 3902 qui
797 3837 873 3882 voce
895 3815 1016 3883 solebat
