2550 4266
685 176 726 251 X
944 208 946 212 ’
1173 209 1229 282 -49

174 350 346 415 Antilochi
367 350 500 416 barbam
523 351 699 429 ardentem,
723 376 796 419 oum
819 355 944 439 quaerit
966 358 1007 422 ab
1024 360 1117 425 'omni

176 454 326 539 quisquis
347 454 439 518 adest
461 454 571 531 socius,
595 477 651 519 our
672 455 751 520 haec
773 456 808 521 in
829 466 975 543 tempora
996 460 1098 542 duret,

92 573 120 644 5
128 573 156 642 5
176 555 269 642 quod
290 556 412 619 facinus
434 555 569 641 dignum
591 565 659 621 tam
681 558 776 643 longo
798 559 963 625 admiserit
985 567 1081 628 aevo?

174 661 261 724 haec
282 660 395 725 eadem
417 660 540 737 Peleus,
563 669 694 745 raptum
731 686 805 728 oum
839 663 929 749 luget
950 667 1118 745 Achillem,

174 771 279 847 atque
301 762 390 839 alius,
414 762 466 825 cui
488 762 536 826 fas
558 762 708 827 Ithacum
730 764 840 848 lugere
861 775 1037 834 natantem

174 866 332 931 incolumi
354 865 448 930 Troia
471 865 618 930 Priamus
639 865 781 930 venisset
803 867 843 931 ad
865 870 994 934 umbras

173 971 326 1035 Assaraci
351 970 476 1055 magnis
500 968 716 1046 sollemnibus,
742 969 881 1034 Hectore
906 973 1003 1038 funus

93 1077 157 1147 60
174 1083 329 1160 portante
351 1097 388 1138 ac
409 1073 541 1161 reliquis
564 1073 700 1137 fratrum
723 1074 895 1138 cervicibus
918 1075 1003 1141 inter

174 1177 321 1242 Iliadum
343 1178 497 1255 lacrimas,
520 1185 559 1241 ut
580 1176 701 1261 primos
723 1176 817 1240 edere
838 1177 988 1262 planctus

174 1281 356 1347 Cassandra
378 1282 533 1367 inciperet
555 1281 714 1366 scissaque
736 1271 898 1365 Polyxena
918 1280 1011 1367 palla,

174 1385 207 1450 si
227 1385 309 1449 foret
331 1386 506 1450 exstinctus
529 1384 652 1449 diverso
674 1391 827 1467 tempore,
852 1406 914 1468 quo
937 1409 1002 1451 non

175 1496 328 1572 coeperat
349 1489 484 1552 audaces
506 1485 595 1550 Paris
618 1485 784 1550 aedificare
807 1488 936 1554 carinas.

97 1589 126 1660 6
132 1602 156 1677 5
175 1591 275 1675 longa
298 1591 366 1655 dies
391 1590 491 1676 igitur
515 1589 594 1674 quid
620 1588 782 1653 concutiar
805 1591 913 1654 omnia
934 1592 1017 1657 vidit

176 1716 289 1758 eversa
314 1702 348 1759 et
373 1693 512 1757 flammis
535 1692 648 1756 Asiam
672 1691 825 1776 ferroque,
845 1693 1021 1761 cadentem.

173 1806 257 1862 tunc
278 1797 370 1861 miles
392 1796 550 1881 tremulus
571 1795 677 1881 posita
697 1795 775 1859 tulit
796 1817 887 1860 arma
908 1797 991 1862 tiara

175 1909 212 1966 et
234 1900 400 1966 ruitante
421 1923 511 1966 aram
532 1901 651 1965 summi
672 1902 767 1981 Iovis,
789 1911 828 1967 ut
849 1906 976 1970 vetulus
998 1906 1063 1984 bos,

175 2005 235 2090 qui
259 2004 380 2069 domini
401 2004 512 2069 cultris
536 2011 635 2069 tenue
659 2014 693 2070 et
718 2006 900 2071 miserabile
925 2010 1043 2074 collum

89 2137 157 2206 ³7⁰
176 2109 310 2194 praebet
334 2109 375 2173 ab
399 2108 527 2192 ingrato
553 2106 619 2172 iam
642 2108 804 2173 fastiditus
828 2118 940 2176 aratro.

155 2268 158 2273 .
176 2213 283 2278 exitus
304 2205 359 2277 ille
381 2222 557 2299 utcumque
579 2212 726 2290 hominis,
750 2213 807 2278 sed
828 2222 920 2279 torva
945 2215 1058 2282 canino

173 2311 314 2382 latravit
332 2317 424 2394 rictu,
449 2338 532 2402 quae
555 2325 628 2402 post
653 2318 740 2382 hunc
765 2317 889 2382 vixerat
925 2339 1012 2387 uxor.

175 2421 292 2486 festino
318 2420 509 2486 adnostros
535 2429 569 2484 et
595 2442 704 2505 regem
729 2429 857 2486 transeo
881 2422 978 2487 Ponti

176 2533 210 2589 et
236 2525 397 2601 Croesum,
423 2547 520 2609 quem
542 2546 606 2588 vox
630 2524 708 2588 iusti
730 2524 869 2588 facunda
893 2525 1019 2591 Solonis

88 2636 158 2711 275
176 2629 331 2713 respicere
355 2627 396 2693 ad
415 2628 529 2713 longae
555 2627 648 2692 iussit
673 2628 779 2712 spatia
804 2628 920 2692 ultima
934 2629 1028 2695 vitae.

92 2779 100 2785 --
160 2732 309 2796 exilium
335 2739 370 2796 et
393 2753 497 2796 carcer
523 2732 828 2816 Minturnarumque
855 2732 990 2818 paludes

174 2844 208 2899 et
234 2835 435 2900 mendicatus
462 2834 549 2899 victa
575 2834 770 2920 Carthagine
795 2836 889 2921 panis

173 2937 250 3001 hinc
276 2956 386 3002 causas
410 2935 560 3004 habuere.
605 2939 683 3023 quid
708 2939 763 3003 illo
787 2939 856 3003 cive
879 2933 1006 3005 tulisset

174 3049 291 3105 natura
313 3041 348 3104 in
371 3041 472 3120 terris,
498 3042 576 3127 quid
596 3043 701 3106 Roma
721 3041 848 3107 beatius
875 3065 1039 3127 umquam,

87 3149 161 3216 280
173 3145 201 3208 si
227 3145 443 3210 circumducto
470 3146 669 3231 captivorum
695 3146 823 3230 agmine
848 3153 881 3209 et
905 3145 993 3209 omni

174 3250 331 3316 bellorum
354 3272 473 3336 pompa
498 3250 639 3315 animam
663 3250 842 3314 exhalasset
867 3250 1016 3335 opimam,

174 3377 276 3442 quum
299 3354 340 3419 de
363 3353 536 3419 Teutonico
561 3353 659 3418 vellet
685 3353 876 3417 descendere
902 3356 1017 3418 currul

172 3458 307 3546 provida
329 3458 482 3543 Pompeio
505 3457 637 3523 dederat
663 3457 840 3542 Campania
865 3457 968 3521 febres

174 3564 338 3649 optandas,
366 3563 422 3627 sed
447 3563 569 3627 multae
595 3563 690 3627 urbes
717 3569 750 3625 et
774 3561 903 3645 publiea
925 3568 1001 3624 vota

89 3662 160 3747 285
173 3669 334 3746 vicerunt3
355 3667 455 3752 igitur
476 3667 605 3731 fortuna
627 3665 726 3750 ipsius
748 3673 781 3731 et
803 3663 891 3728 urbis

167 3780 337 3839 servatum
359 3771 443 3837 victo
466 3779 562 3858 caput
585 3769 726 3836 abstulit.
771 3770 830 3833 hoo
854 3767 995 3832 cruciatu

1122 3879 1140 3941 4
