2550 4266
128 173 174 261 4'2
629 158 669 236 X

68 424 70 428 μ
128 341 327 428 temporibus
349 337 427 404 diris
449 336 549 424 igitur
570 335 723 422 iussuque
744 337 882 404 Neronis

130 446 311 531 longinum
333 453 366 508 et
388 465 519 526 magnos
542 441 681 506 Senecae
703 441 889 526 praedivitis
908 431 1017 509 hortos

130 550 244 613 clausit
266 555 299 612 et
322 546 464 631 egregias
486 545 717 608 Lateranorum
739 544 864 608 obsidet
886 545 981 610 aedes

130 660 200 716 tota
221 651 337 715 cohors.
382 670 471 712 rarus
493 648 583 711 venit
606 647 639 710 in
662 648 815 712 cenacula
834 649 936 714 miles

130 777 233 840 pauca
254 754 330 817 licet
351 760 459 837 portes
482 749 607 835 argenti
629 750 758 814 vascula
778 751 860 835 puri,

131 867 223 921 nocte
246 857 308 919 iter
330 855 491 939 ingressus
512 854 656 939 gladium
680 863 875 940 contumque
896 855 1025 921 timebis

132 969 165 1024 et
187 968 294 1024 motae
315 959 356 1022 ad
379 959 488 1022 lunam
511 958 688 1045 trepidabis
710 959 900 1024 harundinis
923 962 1071 1040 umbras;

132 1063 274 1127 cantabit
297 1085 414 1126 vacuus
437 1084 542 1126 coram
565 1063 690 1126 latrone
711 1063 822 1129 viator.

37 1243 45 1258 .
131 1166 235 1250 prima
256 1166 322 1229 fere
345 1174 420 1230 vota
442 1174 475 1228 et
498 1165 622 1228 cunctis
644 1165 811 1230 notissima
831 1167 961 1253 templis

131 1271 271 1346 divitiae,
296 1279 437 1335 crescant
460 1278 498 1334 ut
521 1293 604 1357 opes,
627 1280 666 1335 ut
687 1271 829 1335 maxima
850 1281 919 1336 toto

130 1384 240 1439 nostra
262 1375 304 1439 sit
320 1397 399 1439 arca
421 1375 496 1438 foro.
540 1373 595 1438 sed
617 1374 707 1438 nulla
729 1374 856 1439 aconita
877 1375 1032 1440 bibuntur

131 1478 303 1558 fictilibus3
324 1487 403 1542 tunc
425 1478 481 1541 illa
501 1478 590 1553 time,
615 1500 687 1542 cum
710 1478 824 1563 pocula
846 1499 952 1542 sumes

131 1591 295 1666 gemmata
317 1591 351 1647 et
372 1583 438 1645 lato
461 1581 610 1645 Setinum
633 1581 759 1645 ardebit
781 1581 815 1644 in
837 1602 922 1646 auro.
978 1604 980 1608 ·

132 1685 240 1751 iamne
261 1688 360 1772 igitur
381 1686 501 1764 laudas,
525 1686 610 1770 quod
632 1685 672 1749 de
695 1685 893 1770 sapientibus
915 1681 998 1765 alter

132 1789 266 1866 ridebat,
278 1788 426 1874 quotiens
441 1789 483 1853 de
500 1788 612 1853 limine
633 1797 778 1852 moverat
799 1811 902 1853 unum

132 1892 373 1977 protuleratque
396 1892 519 1976 pedem,
542 1891 641 1955 flebat
664 1891 840 1954 contrarius
863 1895 994 1956 auctor?

133 1993 188 2058 sed
211 1994 311 2057 facilis
334 1994 434 2058 cuivis
457 1994 552 2079 rigidi
574 2016 709 2059 censura
731 1995 895 2059 cachinni:

132 2096 315 2160 mirandum
339 2103 395 2171 est,
418 2097 505 2161 unde
527 2096 582 2160 ille
605 2097 703 2160 oeulis
725 2097 887 2161 suffecerit
907 2119 1009 2160 umor.

132 2207 287 2283 perpetuo
309 2197 375 2260 risu
397 2198 584 2282 pulmonem
607 2197 728 2282 agitare
749 2197 872 2262 solebat

133 2301 344 2377 Democritus,
369 2324 566 2386 quamquam
589 2323 654 2366 non
676 2310 781 2366 essent
803 2301 936 2366 urbibus
958 2300 1020 2365 illis

132 2412 300 2491 praetexta
321 2412 355 2468 et
376 2404 507 2468 trabeae
528 2403 628 2468 fasces
650 2404 762 2469 lectica
782 2405 932 2470 tribunal.
975 2418 978 2422 '

133 2508 211 2594 quid
234 2509 261 2571 si
283 2508 414 2572 vidisset
437 2517 616 2594 praetorem
639 2508 783 2572 curribus
804 2509 879 2573 altis

134 2619 315 2676 exstantem
337 2619 371 2674 et
392 2611 490 2675 medii
513 2611 684 2676 sublimem
705 2612 837 2697 pulvere
860 2611 953 2677 circi

132 2714 167 2778 in
190 2715 300 2778 tunica
323 2714 408 2778 Iovis
430 2724 464 2779 et
486 2714 591 2799 pictae
613 2714 752 2778 Sarrana
773 2713 932 2779 ferentem

134 2840 174 2882 ex
196 2818 316 2882 umeris
338 2817 451 2880 aulaea
472 2827 566 2902 togae
588 2838 788 2901 magnaeque
811 2839 943 2882 coronae

133 2927 262 2985 tantum
285 2921 402 2998 orbem,
426 2927 548 3005 quanto
570 2919 677 2983 cervix
698 2941 763 2982 non
785 2919 902 2984 sufficit
923 2921 1011 2986 ullat

134 3025 253 3110 quippe
275 3031 366 3087 tenet
389 3023 506 3087 sudans
528 3023 612 3086 hanc
633 3021 781 3108 publicus
803 3031 844 3100 et,
868 3024 929 3088 sibi
951 3024 1061 3090 consul

133 3148 175 3190 ne
197 3126 330 3210 placeat,
354 3144 447 3189 curru
471 3147 580 3189 servus
601 3134 749 3210 portatur
771 3127 891 3192 eodem.

134 3229 176 3293 da
197 3251 282 3292 nunc
305 3238 339 3293 et
360 3229 530 3306 volucrem,
554 3237 679 3314 sceptro
702 3252 784 3314 quae
807 3231 909 3316 surgit
930 3233 1060 3312 ebum0‚

134 3333 221 3397 illinc
244 3333 425 3408 cornicines,
449 3332 525 3396 hinc
546 3332 773 3418 praecedentia
793 3334 880 3419 longi

134 3435 269 3522 agminis
288 3435 391 3500 officia
412 3443 446 3500 et
468 3436 578 3501 niveos
601 3436 642 3501 ad
665 3437 755 3501 frena
777 3437 927 3516 Quirites,

134 3539 258 3604 defossa
279 3540 315 3604 in
336 3539 446 3604 loculis
469 3562 548 3626 quos
571 3542 715 3627 sportula
736 3540 813 3605 fecit
834 3542 959 3607 amicos.

134 3651 206 3708 tum
229 3665 356 3728 quoque
377 3641 546 3708 materiam
568 3644 649 3709 risus
671 3645 796 3710 invenit
817 3644 858 3708 ad
881 3646 983 3711 omnis

136 3769 280 3812 occursus
302 3747 479 3826 hominum,
502 3748 593 3813 cuius
614 3748 789 3834 prudentia
809 3736 965 3815 monstrat
