2602 4282
62 367 267 448 curriculo;
293 389 390 452 quem
416 367 443 431 si
467 391 601 447 revoces,
627 370 800 435 subsistere
825 371 928 435 nescit

61 483 108 538 et
136 483 176 538 te
206 482 391 559 contempto
415 474 542 558 rapitur
565 476 726 559 metisque
750 475 876 539 relictis.

61 600 183 641 nemo
208 578 286 641 satis
309 578 410 641 credit
436 585 566 641 tantum
590 576 784 663 delinquere,
813 589 971 663 quantum

60 682 278 767 permittas3
300 682 380 746 adeo
404 682 575 766 indulgent
601 683 661 746 sibi
686 683 783 748 latius
806 685 875 769 ipsi.

10 852 12 857 ,
18 811 42 878 5
61 809 157 852 curn
186 787 265 850 dicis
291 787 400 850 iuveni
421 787 567 862 stultum,
593 787 648 872 qui
672 788 769 851 donet
790 791 900 867 amieo

10 888 14 895 ’
60 894 134 980 qui
161 902 392 979 paupertatem
416 894 501 958 levet
528 892 720 978 attollatque
745 896 925 981 propinqui,

59 1008 106 1062 et
134 997 279 1082 spoliare
304 997 396 1061 doces
422 1005 456 1061 et
482 997 737 1063 circumscribere
762 1007 795 1063 et
821 1002 909 1064 omni

58 1101 218 1166 crimine
243 1100 371 1164 divitias
396 1102 572 1186 adquirere,
600 1124 737 1187 quarum
760 1127 849 1167 amor
872 1105 907 1167 in
930 1113 964 1169 te

61 1212 228 1289 quantus
256 1213 325 1268 erat
347 1206 472 1290 patriae
499 1205 670 1269 Deciorum
696 1207 730 1269 in
753 1216 890 1294 pectore,
916 1217 1075 1293 quantum

10 1324 41 1371 ,ο
58 1307 200 1371 dilexit
227 1308 361 1385 Thebas,
389 1309 416 1373 si
442 1309 575 1374 Graecia
598 1332 681 1386 vera,
706 1311 896 1374 Menoeceus
907 1335 916 1391 ;

56 1416 106 1478 in
134 1437 280 1500 quorum
304 1416 399 1480 sulcis
418 1417 559 1501 legiones
586 1416 738 1480 dentibus
761 1417 875 1501 anguis

58 1543 152 1584 cum
182 1519 294 1604 clipeis
315 1527 492 1584 nascuntur
518 1528 551 1583 et
577 1519 706 1582 horrida
729 1520 815 1583 bella
840 1531 1010 1605 capessunt

59 1623 245 1701 continuo,
272 1632 440 1708 tamquam
464 1632 497 1687 et
518 1623 649 1687 tubicen
676 1623 849 1687 surrexerit
868 1647 941 1688 una.

59 1749 152 1812 ergo
185 1727 301 1812 ignem,
323 1728 413 1791 cuius
438 1727 592 1791 scintillas
612 1727 680 1811 ipse
704 1727 829 1803 dedisti,

14 1833 276 1924 5flagrantem
302 1830 367 1895 late
394 1840 427 1895 et
453 1830 634 1915 rapientem
660 1840 776 1894 cuncta
799 1832 942 1913 videbis;

58 1958 135 2000 nec
161 1935 228 1998 tibi
253 1944 402 2020 parcetur
426 1934 550 2009 misem,
576 1935 804 2020 trepidumque
830 1937 1021 2022 magistrum
1138 1997 1139 2000 ,

56 2041 104 2104 in
132 2061 238 2103 cavea
260 2062 376 2124 magno
403 2039 533 2103 fremitu
560 2039 609 2102 leo
634 2040 726 2104 tollet
746 2042 903 2106 alumnus

57 2152 157 2208 nota
183 2142 419 2206 mathematicis
443 2143 570 2227 genesis
594 2151 669 2223 tua3
691 2145 746 2207 sed
770 2167 866 2229 grave
891 2146 998 2209 tardas

57 2254 266 2332 exspectare
293 2246 399 2310 colus:
422 2247 566 2310 morieris
591 2248 729 2311 stamine
755 2248 899 2311 nondum
929 2259 931 2266 ’

10 2387 39 2434 0
57 2355 226 2437 abrupto.
270 2351 336 2415 iam
359 2374 446 2416 nunc
465 2353 571 2416 obstas
595 2361 629 2416 et
652 2361 728 2416 vota
753 2354 894 2432 moraris,

56 2459 140 2521 iam
168 2463 300 2538 torquet
323 2454 474 2518 iuvenem
499 2454 596 2538 longa
619 2463 652 2518 et
676 2456 804 2519 cervina
828 2463 981 2519 senectus,
1005 2494 1007 2498 .

55 2561 165 2626 ocius
190 2557 394 2642 Archigenen
419 2580 535 2642 quaere
562 2567 659 2642 atque
686 2581 757 2623 eme
785 2558 870 2644 quod
894 2557 1099 2621 Mithridates

55 2661 268 2748 composuit,
294 2661 390 2725 siris
417 2661 514 2724 aliam
538 2661 706 2746 decerpere
729 2663 827 2726 ficum

55 2778 178 2852 atque
201 2765 279 2828 alias
305 2774 442 2829 tractare
467 2788 560 2829 rosas.
606 2765 806 2829 medicamen
829 2764 1015 2828 habendum
1040 2773 1096 2842 est,
1139 2775 1141 2778 ’

10 2901 34 2969 5
54 2871 205 2937 sorbere
228 2878 304 2932 ante
328 2869 435 2933 cibum
459 2869 545 2954 quod
567 2869 684 2933 debeat
707 2878 740 2932 et
761 2876 855 2953 pater
877 2876 910 2931 et
932 2867 1005 2963 rer?

111 2975 266 3040 Monstro
287 2973 488 3060 voluptatem
512 2975 681 3059 egregiam,
706 2974 757 3038 cui
779 2973 869 3036 nulla
891 2972 1026 3051 theatra,

30 3081 167 3149 ‘nulla
190 3101 326 3163 aequare
348 3099 446 3162 queas
469 3078 624 3162 praetoris
647 3077 774 3161 pulpita
797 3077 886 3155 lauti,

52 3189 90 3254 si
116 3192 249 3271 spectes
273 3191 393 3268 quanto
416 3184 530 3269 capitis
554 3182 737 3246 discrimine
759 3190 908 3247 constent

49 3294 272 3357 incrementa
293 3286 416 3363 domus
439 3295 550 3350 aerata
571 3284 693 3349 multus
716 3285 750 3348 in
772 3307 845 3349 arca

10 3396 168 3474 ofiscus
191 3396 224 3453 et
246 3388 439 3474 ad'vigilem
461 3390 603 3475 ponendi
626 3388 759 3454 Castora
781 3388 918 3466 nummi,

48 3525 102 3570 ex
129 3519 199 3582 quo
222 3496 308 3559 Mars
332 3497 417 3561 ultor
437 3496 564 3581 galeam
587 3517 717 3580 quoque
740 3493 884 3578 perdidit
907 3501 940 3556 et
963 3515 1012 3556 res

47 3626 129 3674 non
156 3599 265 3686 potnit
287 3621 412 3664 servare
435 3621 515 3662 suas.
564 3620 639 3681 ergo
663 3598 775 3660 omnia
797 3597 911 3661 Florae

47 3721 91 3778 et
117 3704 251 3774 Cereris
272 3703 350 3768 licet
373 3711 406 3767 et
431 3702 567 3788 Cybeles
589 3702 704 3766 aulaea
725 3702 887 3788 relinquas
899 3726 907 3782 ;

48 3819 161 3880 tanto
185 3805 323 3873 maiores
344 3805 491 3870 humana
514 3804 645 3891 negotia
666 3805 743 3870 ludi.
