2550 4266
132 165 182 257 56
620 163 686 240 XI

129 354 165 408 at
185 364 273 406 nunc
293 343 447 407 divitrhus
468 341 605 406 cenandi
625 341 717 405 nulla
736 341 893 428 voluptrs,

127 447 177 512 nil
196 448 358 524 rhombus,
379 447 427 510 nil
448 447 545 509 dama
564 447 658 531 sapit,
680 454 795 530 putere
815 446 968 511 videntur

127 560 295 636 unguenta
316 560 415 636 atque
436 573 535 627 rosae,
557 549 640 613 latos
660 550 725 612 nisi
746 550 885 614 sustinet
905 550 998 615 orbes

127 654 248 738 grande
270 654 350 717 ebur
371 662 405 716 et
425 674 544 736 magno
564 651 710 715 sublimis
731 652 850 736 pardus
870 653 972 730 hiatu,

127 758 279 823 dentibus
301 780 341 820 ex
361 757 433 832 illis
456 779 536 841 quos
556 757 661 820 mittit
682 766 776 841 porta
797 757 919 842 Syenes
1230 821 1232 824 ,

127 872 161 927 et
183 862 290 926 Mauri
311 861 428 926 celeres
450 870 484 925 et
506 861 622 924 Mauro
643 861 805 924 ohscurior
826 861 935 939 Indus,
1203 871 1259 941 125

126 974 161 1029 et
181 988 260 1050 quos
282 965 429 1050 deposuit
451 965 619 1028 Nabataeo
641 965 738 1028 belna
758 965 852 1040 saltu,

125 1069 191 1131 iam
212 1069 328 1132 nimios
349 1068 510 1154 capitique
531 1090 651 1154 graves
694 1069 771 1132 hinc
791 1069 894 1154 surgit
915 1070 1029 1146 oreris,

124 1170 200 1236 hino
221 1172 384 1235 stomacho
404 1172 503 1253 vires3
532 1194 609 1234 nam
629 1193 687 1256 pes
707 1180 879 1256 argenteus
900 1173 971 1250 illis,

124 1275 239 1339 anulus
260 1274 296 1339 in
317 1276 418 1360 digito
440 1275 525 1360 qnod
546 1276 674 1341 ferreus
719 1297 794 1360 ergo
815 1277 990 1360 superbum

123 1378 289 1442 convivam
311 1400 414 1454 caveo,
438 1379 494 1464 qui
514 1400 568 1441 me
589 1378 651 1442 sibi
672 1387 835 1464 comparet
856 1386 962 1443 atres
1201 1390 1261 1456 130

122 1479 257 1567 despicit
278 1483 416 1567 exiguas
460 1483 540 1546 adeo
559 1482 651 1546 nulla
670 1483 766 1547 uncia
786 1483 879 1546 nobis

121 1592 172 1648 cst
193 1585 296 1650 eboris
318 1608 377 1650 nec
398 1587 544 1650 tessellae
565 1608 625 1650 nec
647 1586 786 1650 calculus
808 1608 849 1649 ex
869 1586 931 1650 hac

120 1689 265 1765 materia,
289 1689 369 1775 quin
390 1690 460 1774 ipsa
479 1690 651 1753 manubria
672 1690 874 1753 cultellorum

120 1813 224 1871 ossea3
249 1815 315 1857 non
335 1801 446 1857 tamen
467 1793 518 1856 his
539 1793 608 1856 ulla
627 1815 784 1878 nmquam
803 1791 936 1855 obsonia
954 1791 1039 1855 fiunt

118 1895 293 1973 rancidula,
315 1895 466 1960 antideo
488 1895 578 1980 peior
598 1895 720 1980 gallina
741 1903 874 1959 secatur.
990 1888 993 1892 ’
1196 1904 1259 1973 135

119 2000 176 2066 sed
197 2023 257 2065 nec
278 2009 416 2065 structor
436 2001 506 2078 erit,
529 2001 581 2064 eui
602 1999 714 2064 cedere
736 1999 853 2064 debeat
876 1999 979 2063 omnis

117 2104 260 2189 pergula,
282 2103 455 2188 discipulus
474 2103 632 2187 Trypheri
653 2102 798 2179 doctoris
822 2109 903 2186 aput
924 2122 1021 2184 quem

118 2205 245 2270 sumine
267 2227 341 2270 cum
362 2227 478 2290 magno
498 2205 590 2289 lepus
612 2213 711 2289 atque
734 2226 812 2288 aper
832 2210 867 2267 et
887 2224 1048 2286 pygargus

118 2317 152 2374 et
174 2309 341 2394 Scythicae
362 2309 505 2372 volucres
522 2314 556 2372 et
576 2307 845 2392 phoenicopterus
866 2306 981 2390 ingens
1206 2382 1209 2387 Ι
1254 2364 1257 2368 .

118 2421 153 2478 et
174 2412 330 2477 Gaetulus
352 2434 430 2497 oryx
446 2411 564 2476 ‘heheti
585 2410 765 2474 lautissima
789 2410 871 2473 ferro
1174 2418 1259 2488 .140

117 2515 262 2581 caeditur
287 2523 320 2579 et
345 2522 415 2578 tota
438 2521 531 2579 sonat
553 2513 662 2578 ulmea
685 2535 765 2577 cena
787 2512 921 2576 Subura

116 2641 176 2685 nec
201 2621 340 2685 frustum
363 2641 495 2704 capreae
520 2618 696 2682 subducere
721 2638 782 2681 nec
804 2617 889 2680 latus
912 2615 1010 2680 Afrae

115 2725 206 2788 novit
229 2724 297 2787 avis
320 2731 436 2806 noster,
459 2720 640 2786 tirunculus
666 2742 703 2784 ao
726 2719 815 2782 rudis
838 2718 928 2782 omni

115 2832 259 2912 tempore
285 2833 318 2890 et
344 2824 595 2910 exiguae·f111tis
620 2824 754 2897 inbutus
777 2823 898 2888 ofellae.

114 2928 255 3014 plebeios
281 2928 393 2992 calices
418 2935 452 2992 et
475 2928 585 3012 paucis
608 2927 731 2991 assibus
755 2934 879 3010 emptos

114 3032 254 3116 porriget
277 3031 417 3096 incultus
440 3053 521 3115 puer
542 3038 641 3116 atque
664 3051 684 3094 a
706 3028 822 3114 frigore
845 3035 951 3106 tutus3

114 3155 179 3197 non
202 3135 311 3219 Phryx
336 3140 393 3198 aut
419 3133 542 3218 Lycius,
566 3155 632 3196 non
658 3117 678 3196 a
700 3153 859 3216 mangone
884 3131 1006 3214 petitus

114 3234 284 3321 quisquam
302 3235 362 3299 erit
382 3240 415 3298 et
440 3255 565 3318 magno.
611 3255 685 3298 curn
709 3254 826 3318 posces,
850 3254 943 3315 posce
966 3231 1090 3297 Latine.

113 3336 200 3402 idem
220 3338 349 3402 habitus
373 3337 502 3415 cunetis,
522 3337 606 3401 tonsi
629 3334 772 3421 rectique
795 3333 903 3418 capilli

113 3446 211 3526 atque
236 3441 331 3506 hodie
354 3448 484 3505 tantum
507 3448 638 3525 propter
661 3438 806 3503 convivia
830 3436 914 3520 pexi.
967 3485 971 3490 -
1175 3443 1246 3515 150

112 3543 247 3629 pastoris
273 3543 420 3607 duri'hic
446 3550 495 3608 est
520 3543 614 3619 filius,
639 3543 694 3607 ille
717 3540 856 3606 bubulci.

112 3645 251 3731 suspirat
274 3646 368 3731 longo
392 3667 458 3709 non
482 3645 584 3709 visam
608 3654 752 3729 tempore
776 3651 920 3719 matrem,

111 3754 145 3816 ct
170 3748 309 3814 casulam
336 3754 368 3813 et
394 3755 485 3812 notos
510 3746 611 3811 tristis
625 3746 797 3810 desiderat
821 3744 949 3822 haedos,
