2550 4266
107 143 155 218 34
573 110 686 192 VIII

105 296 297 383 praecedant
317 295 402 383 ipsas
423 294 472 361 illi
493 303 527 359 te
550 292 678 358 consule
700 291 824 379 virgas·
848 316 854 322 “
906 315 908 320 ⁴

105 399 209 485 prima
228 400 309 463 mihi
330 399 428 464 debes
450 397 552 462 animi
572 398 664 461 bona
709 406 837 462 sanctus
858 395 970 464 baberi

105 502 311 587 iustitiaeque
332 510 431 566 tenax
452 501 545 566 factis
567 499 725 585 dictisque
747 501 885 578 mereris,

103 608 261 693 adgnosco
276 627 454 691 procerem;
469 604 563 680 salve,
587 603 760 678 Gaetulice,
784 626 839 668 seu
862 613 900 669 tu

107 711 244 786 Silanus,
282 732 483 795 quocumque
507 709 569 774 alio
588 708 628 772 de
651 709 918 794 sanguine3rarus

107 814 184 878 civis
206 821 240 878 et
260 814 405 899 egregius
427 813 551 897 patriae
574 812 734 898 contingis
755 812 877 893 ovanti;
965 820 966 823 ’

107 918 284 983 exclamare
309 917 397 991 libet,
421 915 558 1000 populus
583 914 668 999 quod
692 915 810 980 clamat
834 914 918 980 Osiri

107 1020 249 1084 invente.
295 1018 367 1104 quis
391 1018 478 1081 enim
501 1039 691 1101 generosum
718 1018 836 1082 dixerit
859 1018 954 1094 hunc,
978 1018 1037 1102 qui

108 1122 258 1206 indignus
281 1140 398 1207 genere
418 1127 450 1182 et
474 1120 634 1203 praeclaro
659 1120 788 1184 nomine
813 1129 941 1184 tantum

108 1226 261 1311 insignis?
291 1246 412 1288 nanum
439 1223 604 1287 cuiusdam
630 1224 765 1288 Atlanta
787 1246 945 1302 vocamus,

108 1328 302 1413 Aethiopem
327 1326 478 1411 Cycnum,
503 1348 636 1410 parvam
659 1335 881 1410 extortamque
904 1326 1048 1411 puellam

108 1432 277 1515 Europen,
309 1429 440 1494 canibus
465 1429 564 1514 pigris
588 1430 756 1514 scabicque
780 1437 908 1494 vetusta

104 1536 231 1601 levibus
255 1542 289 1599 et
313 1534 413 1598 siccae
438 1533 656 1597 lambentibus
680 1555 735 1596 ora
760 1534 908 1598 lucernae

76 1630 85 1646 ’
110 1660 227 1703 nomen
253 1636 314 1701 erit
338 1635 455 1721 pardus
478 1637 570 1720 tigris
589 1636 647 1713 leo,
673 1637 700 1700 si
726 1637 804 1721 quid
828 1637 933 1703 adhuc
959 1644 1009 1703 est

110 1741 195 1827 quod
220 1740 336 1805 fremat
361 1741 396 1804 in
421 1741 514 1805 terris
538 1741 716 1807 violentius.
759 1763 833 1826 ergo
856 1741 982 1807 cavebis

111 1853 145 1909 et
170 1830 369 1923 metusque
393 1851 431 1907 tu
454 1843 499 1907 sic
523 1844 668 1909 Creticus
690 1854 747 1909 aut
773 1844 970 1911 Camerinus.

154 1947 216 2012 His
241 1970 299 2033 ego
322 1948 571 2033 quemmonuil
598 1957 706 2012 tecum
730 1957 779 2012 est
803 1949 884 2012 mihi
901 1970 1012 2025 sermo
1028 1950 1166 2017 Rubelli

111 2049 243 2116 Blande.
285 2062 391 2113 tumes
414 2050 480 2113 alto
504 2050 683 2114 Drusorum
705 2059 883 2127 stemmate,
906 2059 1075 2136 tamquam

111 2153 222 2219 feceris
245 2153 312 2238 ipse
334 2153 465 2239 aliquid,
487 2163 619 2239 propter
641 2155 725 2239 quod
748 2155 863 2219 nobilis
886 2177 977 2233 esses,

112 2265 150 2322 ut
169 2264 202 2321 te
225 2257 404 2342 conciperet
426 2280 509 2342 quae
532 2259 686 2342 sanguine
704 2259 806 2344 fulget
828 2259 901 2337 Iuli,

112 2382 177 2424 non
200 2382 283 2445 quae
304 2368 435 2425 ventoso
458 2359 615 2424 conducta
637 2361 696 2424 sub
718 2385 833 2446 aggere
855 2364 945 2430 texit.

115 2471 188 2527 ‘vos
210 2463 364 2540 humiles,’
386 2464 502 2548 inquis,
528 2465 632 2548 ‘vulgi
654 2487 726 2549 pars
749 2465 864 2531 ultima
885 2468 993 2547 nostri,

115 2587 250 2650 quorum
273 2587 368 2629 nemo
390 2575 489 2650 queat
511 2567 649 2650 patriam
671 2578 847 2633 monstrare
865 2572 1021 2655 parentis:

116 2676 165 2732 ast
181 2690 239 2753 ego
262 2668 466 2753 Cecropides’
503 2670 592 2733 vivas
614 2680 648 2735 et
670 2672 800 2756 originis
822 2672 918 2737 huius

114 2770 233 2855 gaudia
254 2770 350 2855 longa
371 2773 471 2837 feras!
493 2780 604 2837 tamen
626 2774 692 2836 ima
713 2774 807 2857 plebe
829 2775 992 2854 Quiritem

116 2872 290 2937 facundum
311 2873 469 2955 invenies;
491 2874 571 2939 solet
591 2876 645 2940 hic
667 2875 837 2941 defendere
858 2900 967 2943 causas

117 2976 232 3040 nobilis
258 2977 378 3042 indocti
385 3002 393 3058 ;
416 2978 524 3042 veniet
546 2977 586 3043 de
609 2980 701 3064 plebe
724 2989 842 3066 togata,

119 3080 176 3164 qui
197 3079 275 3143 iuris
297 3080 396 3144 nodos
419 3091 452 3145 et
474 3081 583 3165 legum
605 3083 788 3167 aenigmata
809 3085 919 3152 solvat.

118 3181 170 3245 hic
193 3182 277 3266 petit
302 3181 491 3267 Euphraten
512 3184 637 3249 iuvenis
659 3186 837 3273 domitique
859 3188 975 3255 Batavi

119 3284 265 3350 custodes
288 3285 410 3370 aquilas
433 3287 528 3350 armis
550 3288 741 3355 industrius:
772 3300 807 3355 at
828 3300 866 3356 tu

121 3387 167 3452 nil
189 3388 251 3451 nisi
274 3388 462 3474 Cecropides
484 3398 660 3477 truncoque
682 3395 863 3460 simillimus
883 3399 1033 3464 Hermae

121 3490 209 3554 nullo
233 3491 351 3576 quippe
373 3492 435 3557 alio
458 3493 558 3559 vincis
580 3495 770 3574 discrimine,
795 3522 892 3584 quam
914 3496 1000 3583 quod

121 3590 170 3656 illi
192 3614 406 3657 marmoreum
432 3604 530 3680 caput
557 3605 613 3677 est,
637 3606 696 3664 tua
717 3599 797 3664 vivit
819 3601 934 3685 imago.

124 3694 174 3760 dic
198 3693 286 3774 mihi,
310 3696 503 3764 Teucrorum
524 3701 637 3788 proles,
661 3704 814 3770 animalia
834 3712 927 3770 muta
