2550 4266
127 191 287 260 :50-
449 163 682 238 Ὶ-Χ

133 340 298 422 lentulus,
322 341 383 406 hac
408 361 513 426 poena
538 338 640 403 caruit
664 337 842 424 ceciditque
867 337 1029 425 Cethegus

118 445 267 534 integer,
291 455 326 511 et
351 445 450 510 iacuit
473 443 615 510 Catilina
639 442 791 508 cadavere
815 450 891 507 toto.

175 549 327 615 Formam
349 554 440 632 optat
458 545 586 610 modico
613 545 729 630 pueris,
753 546 873 610 m'aiora
896 544 1012 630 puellis

132 674 305 726 murmure,
333 673 405 715 cum
432 648 567 713 Veneris
592 648 705 713 fanum
729 649 826 729 videt,
852 650 947 714 anxia
971 656 1077 714 mater

131 779 233 842 usque
255 755 296 820 ad
318 753 447 819 delicias
468 761 623 820 votorum.
668 757 743 818 ‘cur
764 754 891 831 tamen,’
914 754 1030 839 inquit,

135 859 325 945 ‘corripiast
346 857 480 944 pulchra
501 857 621 942 gaudet
643 857 767 922 Latona
787 857 910 925 Diana’

132 964 188 1029 sed
213 970 303 1028 vetat
329 961 434 1047 optari
456 960 571 1025 faciem
594 961 751 1040 Lucretia,
776 961 904 1045 qualem

131 1067 202 1153 ipsa
225 1066 361 1142 habuit<
376 1072 506 1151 cuperet
530 1064 661 1130 Rutilae
683 1064 837 1150 Verginia
860 1064 995 1149 gibbum

132 1172 272 1257 accipere
296 1179 393 1256 atque
419 1192 511 1233 suam
534 1168 663 1234 Rutilae
689 1168 773 1239 dare.
816 1169 902 1233 filius
927 1178 1037 1233 autem

132 1273 268 1360 corporis
291 1272 408 1358 egregii
431 1272 562 1337 miseros
585 1268 789 1356 trepidosque
814 1257 983 1357 parentes

132 1400 257 1462 semper
282 1377 401 1455 habet;
422 1396 493 1440 rara
514 1382 564 1438 est
586 1374 666 1439 adeo
688 1375 853 1438 concordia
874 1374 993 1438 formae

131 1489 229 1565 atque
254 1479 435 1566 pudicitiae.
473 1487 598 1542 sanctos
622 1478 699 1543 licet
718 1477 846 1542 horrida
868 1500 971 1543 mores

130 1582 299 1654 tradiderit
327 1583 440 1647 domus
463 1604 500 1646 ac
525 1589 649 1646 veteres
672 1581 800 1645 imitata
825 1581 969 1659 Sabinos

129 1693 296 1772 praeterea
320 1694 443 1750 castum
469 1685 635 1770 ingenium
658 1685 849 1770 vultumque
869 1685 1012 1750 modesto
1193 1705 1253 1781 30

129 1789 285 1875 sanguine
309 1788 486 1853 ferventem
512 1788 634 1852 tribuat
657 1796 774 1853 natura
798 1789 939 1874 benigna
1057 1825 1059 1829 <

129 1893 218 1978 larga
240 1891 461 1975 manu-quid
487 1890 575 1955 enim
597 1912 696 1976 puero
721 1891 860 1956 conferre
886 1899 993 1977 potest
1017 1892 1090 1978 plus

129 1993 260 2061 custode
287 2003 321 2059 et
346 2016 422 2058 cura
444 2003 561 2059 natura
583 1993 745 2078 potentior
767 1994 916 2058 omnil-

128 2120 194 2165 non
217 2096 293 2161 licet
316 2118 383 2160 esse
408 2096 491 2176 vir03
515 2117 592 2161 nam
615 2097 747 2181 prodiga
771 2096 962 2182 corruptoris

128 2199 317 2285 improbitas
342 2197 426 2285 ipsos
450 2198 548 2264 audet
573 2207 734 2285 temptare
759 2208 918 2284 parentes

128 2309 221 2366 tanta
242 2302 277 2366 in
299 2303 484 2368 muneribus
506 2302 630 2368 fiducia.
674 2303 782 2368 nullus
807 2303 969 2389 ephebum

129 2405 304 2471 deformem
327 2429 422 2471 saeva
445 2406 596 2471 castravit
620 2407 655 2469 in
678 2428 749 2470 arce
772 2412 936 2492 tyrannus,

128 2530 188 2574 nec
210 2516 450 2596 praetextatum
472 2509 581 2595 rapuit
602 2509 689 2574 Nero
713 2510 889 2596 loripedem
913 2533 973 2577 nec

128 2620 440 2699 strumosumatque
465 2623 558 2678 utero
583 2613 703 2698 pariter
726 2614 886 2700 gibboque
910 2622 1100 2703 tumentem

127 2714 140 2778 i
164 2736 250 2781 nunc
275 2724 308 2780 et
331 2716 455 2780 iuvenis
477 2714 582 2801 specie
607 2718 727 2784 laetare
749 2719 808 2796 tui,
835 2741 932 2804 quem
1188 2733 1261 2809 310

127 2819 248 2884 maiora
267 2828 454 2906 exspectant
477 2821 667 2888 discrimina
712 2823 768 2888 fiet
791 2823 917 2888 adulter

127 2923 274 3007 publicus
300 2934 333 2989 et
358 2947 475 3010 poenas
499 2933 624 2991 metuet
650 2948 867 3011 quascumque
890 2925 998 2993 mariti

128 3025 254 3111 exigere
277 3026 389 3100 iratist,
411 3048 471 3091 nec
494 3027 555 3091 erit
578 3027 698 3092 felicior
720 3035 804 3093 astro

127 3127 250 3205 Martis,
273 3137 312 3193 ut
334 3129 369 3192 in
392 3130 522 3214 laqueos
546 3151 723 3215 numquam
746 3130 873 3198 incidat.
919 3132 1019 3217 exigit
1043 3143 1153 3201 autem

126 3230 289 3297 interdum
314 3233 369 3298 ille
392 3233 481 3299 dolor
502 3234 575 3319 plus
601 3255 698 3320 quam
723 3236 775 3300 lex
798 3237 865 3300 ulla
887 3236 987 3302 dolori
1189 3246 1251 3321 315

127 3337 279 3401 concessit
285 3362 293 3417 ;
316 3345 410 3403 necat
431 3337 484 3402 hic
506 3337 596 3415 ferro,
620 3346 706 3403 secat
728 3339 782 3404 ille
804 3341 944 3405 cruentis

125 3438 317 3520 verberibus,
342 3442 496 3529 quosdam
521 3441 667 3507 moechos
693 3450 726 3508 et
748 3445 877 3530 mugilis
899 3445 1025 3513 intrat·

126 3542 181 3607 sed
205 3549 281 3610 tuus
304 3545 486 3631 Endymion
512 3543 646 3612 dilectae
669 3547 726 3612 liet
748 3547 874 3613 adulter

126 3652 290 3712 matronae
296 3672 304 3728 ;
325 3672 400 3714 mox
422 3672 495 3714 oum
517 3650 642 3716 dederit
667 3651 803 3718 Servilia
824 3675 980 3729 nummos,

125 3748 183 3814 fiet
205 3751 352 3833 stillim,
377 3773 474 3845 quam
497 3777 562 3820 non
585 3763 681 3836 amat,
706 3764 803 3822 exuet
828 3779 957 3824 omnem
1187 3780 1255 3849 320
