2550 4266
595 154 636 229 V

86 338 263 428 Esquilias,
286 341 438 406 fremeret
459 362 555 405 saeva
576 362 650 405 cum
672 341 828 426 grandine
850 365 966 408 vemus

86 445 242 530 Iuppiter
262 453 295 508 et
317 445 421 508 multo
443 444 580 507 stillaret
600 445 739 533 paenula
760 445 870 510 nimbo
883 446 912 510 !”

13 541 72 604 80
88 551 207 636 aspice,
232 573 330 635 quam
352 550 447 634 longo
470 549 649 634 distinguat
670 556 798 635 pectore
821 550 953 626 lancem,

87 677 175 740 quae
196 655 299 718 fertur
320 653 449 717 domino
471 653 595 738 squilla,
619 662 652 717 et
674 653 790 738 quibus
812 650 955 736 undique
977 659 1089 738 saepta

89 758 256 842 asparagis
278 756 521 847 quadcspiciat
544 757 689 821 convivia
711 758 820 833 cauda,

87 861 169 926 dum
191 862 281 925 venit
304 847 420 925 01100101
442 862 591 925 manibus
614 862 742 926 sublata
763 861 921 926 ministri:

87 963 147 1028 sed
167 962 229 1027 tibi
251 963 383 1027 dimidio
406 965 595 1028 constrictus
618 987 796 1029 cammarus
819 987 878 1030 ovo

21 1058 72 1142 85
87 1068 221 1184 ponitur
243 1067 359 1151 exigua
380 1067 487 1131 foralis
510 1090 589 1132 cena
609 1069 738 1154 patella.

86 1171 158 1256 ipse
180 1170 364 1235 Venafrano
385 1171 505 1286 piscem
526 1171 701 1256 perfundit,
725 1180 760 1237 at
780 1171 833 1237 hic
855 1172 912 1258 qui

85 1274 227 1359 pallidus
249 1274 382 1338 affertur
403 1274 519 1338 misero
541 1275 603 1338 tibi
626 1276 724 1339 caulis
748 1275 892 1379 debili*

85 1378 288 1441 lanternam:
312 1376 392 1441 illud
416 1376 503 1440 enim
525 1378 639 1442 vestris
662 1378 758 1442 datur
781 1332 921 1455 alveolis,
944 1379 1030 1465 quod

86 1502 191 1544 canna
212 1479 421 1564 Micipsarum
444 1502 538 1564 prora
560 1480 709 1545 subvexit
732 1488 835 1558 acuta,

28 1595 73 1660 90
85 1591 218 1669 propter
239 1582 325 1667 quod
348 1583 470 1646 Romae
494 1605 567 1646 cum
590 1583 727 1648 Boccare
750 1606 845 1648 nemo
867 1583 1001 1661 lavatur,

86 1685 189 1771 [quod
210 1692 298 1749 tutos
322 1685 422 1750 etiam
445 1685 523 1749 facit
545 1709 565 1749 a
587 1687 790 1771 serpentibus
813 1687 913 1771 atris]

84 1788 206 1852 mullus
229 1789 290 1852 erit
312 1788 444 1864 domini,
468 1811 565 1874 quem
587 1790 676 1854 misit
700 1791 826 1856 Corsica
851 1791 903 1855 vel
925 1813 1020 1876 quem

84 1877 378 1957 Tauromenitanae
400 1914 505 1976 rupes,
529 1892 658 1977 quando
682 1917 776 1958 omne
797 1903 964 1980 peractum
987 1905 1036 1960 est

84 2003 119 2060 et
141 1996 207 2060 iam
229 1995 346 2060 defecit
367 2003 513 2061 nostrum
544 2020 640 2075 mare,
664 1984 840 2083 dum‘gula
862 2000 963 2064 saevit

28 2109 72 2180 95
84 2099 209 2163 retibus
231 2098 366 2162 assiduis
387 2099 518 2183 penitus
541 2109 704 2164 scrutante
726 2102 859 2169 macello

83 2203 239 2288 proxima,
265 2225 325 2267 nec
347 2203 490 2287 patimur
511 2203 713 2288 Tyrrhenum
735 2198 874 2271 cresccre
896 2207 1023 2293 piscem.

83 2307 217 2370 instruit
239 2329 313 2391 ergo
334 2306 442 2370 focum
464 2307 635 2391 provincia,
660 2308 799 2372 sumitur
821 2309 910 2374 illinc

83 2409 171 2496 quod
193 2417 338 2495 captator
360 2417 447 2473 emat
469 2410 601 2487 Laenas,
625 2410 760 2474 Aurelia
781 2412 910 2479 vendat.

83 2513 214 2596 Virroni
235 2535 391 2577 muraena
414 2513 517 2590 datur,
542 2535 625 2598 quac
647 2514 790 2578 maxima
813 2517 903 2580 venit

10 2630 72 2675 100
83 2616 212 2701 gurgite
235 2615 276 2680 de
298 2616 406 2681 Siculo
413 2640 421 2696 ;
443 2639 520 2679 nam
542 2616 621 2679 dum
643 2639 677 2681 00
700 2617 844 2681 continet
865 2618 993 2698 Auster,

83 2721 164 2784 dum
186 2720 277 2785 sedet
300 2728 333 2786 01
356 2721 453 2786 siccat
475 2721 651 2787 madidas
641 2744 677 2785 1n
699 2743 823 2786 carcerc
845 2723 969 2808 pinnae,

83 2834 297 2891 contemnunt
319 2826 460 2890 mediam
483 2826 661 2927 temeraria
682 2826 749 2889 lina
771 2826 976 2912 Charybdim

82 2952 139 2994 vos
162 2930 306 3015 anguilla
327 2937 438 2992 manet
461 2929 574 3014 longae
598 2911 733 3013 cognata
756 2930 913 3006 colubrae,

83 3041 142 3097 aut
163 3031 265 3117 glacie
288 3049 434 3116 aspersus
456 3032 590 3106 maculis
613 3031 783 3095 Tiberinus
806 3032 929 3117 etipse

10 3145 70 3214 105
83 3136 265 3200 vernula
240 3159 392 3222 riparum,
416 3137 544 3222 pinguis
566 3144 709 3200 torrente
732 3136 838 3200 cloaca

83 3247 119 3304 et
140 3239 253 3304 solitus
275 3238 401 3304 mediae
424 3247 570 3323 cryptam
591 3246 760 3323 penetrare
784 3237 938 3303 Suburae.

171 3341 242 3426 Ipsi
258 3364 362 3427 pauca
383 3340 489 3416 velim,
513 3340 640 3404 facilem
663 3340 689 3402 si
710 3340 864 3424 praebeat
886 3363 1003 3406 aurern.

85 3452 198 3509 ‘nemo
220 3446 313 3530 petit,
336 3444 468 3509 modicis
490 3465 573 3528 quae
596 3443 811 3507 mittebantur
832 3444 941 3508 amicis

83 3572 105 3614 a
126 3550 256 3625 Seneca,
280 3571 363 3634 quae
386 3549 458 3612 Piso
480 3549 592 3626 bonus,
616 3570 698 3632 quae
722 3547 818 3612 Cotta
840 3547 961 3612 solebat

10 3666 71 3711 110
84 3653 212 3738 largiri;
240 3675 381 3736 namque
404 3659 437 3716 ct
460 3650 565 3714 titulis
588 3658 622 3713 ot
644 3649 781 3714 fascibus
804 3649 881 3713 olim

83 3754 186 3818 maior
206 3753 388 3821 habebatur
410 3753 550 3819 donandi
572 3752 692 3837 gloria:
715 3750 816 3815 solum
