2602 4282
546 181 661 264 VII,¹

48 372 219 436 omnibus
246 359 284 436 ¹ot
307 365 420 436 crescit
449 371 554 438 multa
583 366 737 435 damnosa
766 384 899 458 papyr03

57 476 103 540 sic
133 475 256 560 ingens
279 496 386 538 rerum
412 495 565 538 numerus
589 473 680 537 iubet
706 482 804 559 atque
826 465 959 561 operum
981 477 1040 541 len
1133 549 1135 554 ,

57 602 149 666 quae
173 587 289 642 tamen
314 578 390 642 inde
415 600 513 662 sagea,
540 586 645 643 terrae
675 579 747 663 quis
770 579 893 644 fructus
914 586 1067 666 apertae?

56 683 135 769 quis
162 677 268 746 dabit
281 681 440 758 historico,
465 689 624 766 quantum
649 681 741 745 daret
770 690 842 746 acta
860 683 1004 768 legenti?

141 785 229 850 ‘Sed
252 806 353 870 genus
377 784 539 868 ignavum,
564 784 649 868 quod
672 785 754 848 lecto
780 785 899 870 gaudet
925 793 959 850 et
982 786 1113 851 umbra’

55 891 110 956 dic
137 889 252 975 igitur,
279 887 358 973 quid
378 887 545 952 causidicis
571 889 677 953 civilia
702 898 867 973 praestent

55 994 168 1058 officia
196 1001 231 1056 et
255 1015 373 1077 magno
398 993 531 1056 comites
554 992 590 1056 in
615 993 699 1061 fasce
725 994 848 1060 libelli?

53 1097 122 1183 ipsi
148 1119 274 1182 magna
303 1104 427 1172 sonant,
453 1095 509 1159 sed
539 1104 610 1159 tum
634 1119 708 1160 cum
732 1097 870 1162 creditor
899 1081 992 1165 audit

53 1199 248 1286 praecipue,
275 1198 326 1262 vel
349 1197 376 1261 si
399 1196 511 1280 tetigit
540 1197 625 1260 latus
649 1198 751 1262 acrior
778 1199 844 1276 illo,

34 1304 116 1390 ,qui
143 1302 240 1368 venit
269 1301 310 1365 ed
334 1301 470 1365 dubium
495 1300 609 1385 grandi
639 1324 713 1365 cum
737 1302 843 1370 codice
869 1327 994 1370 nomen.

47 1412 140 1472 'tunc
167 1407 331 1470 immensa
356 1405 426 1469 cavi
452 1404 576 1489 spirant
601 1404 770 1469 mendacia
798 1406 889 1472 folles

53 1510 318 1596 conspuiturque
343 1509 450 1573 sinus:
478 1530 588 1572 veram
610 1507 825 1592 depraendere
849 1532 986 1574 messem

54 1617 83 1680 si
107 1615 206 1690 libet,
230 1613 306 1676 hinc
332 1619 462 1676 centum
485 1610 680 1696 patrimonia
706 1611 947 1685 causidicorum,

53 1729 153 1810 parte
179 1718 246 1782 alia
271 1717 374 1781 solum
400 1716 518 1781 russati
544 1738 627 1801 pone
648 1717 816 1782 Lacernae.

55 1825 236 1894 consedere
263 1822 366 1897 duces
392 1821 495 1906 surgis
517 1829 556 1884 tu
581 1821 721 1905 pallidus
750 1823 844 1900 Aiax,

55 1931 211 1996 dicturus
234 1925 333 1989 dubia
354 1946 412 2009 pro
436 1923 586 1987 libertate
610 1923 749 1988 bubulco
1034 2003 1036 2006 Α

54 2034 176 2099 iudice.
223 2051 337 2114 rumpe
360 2028 458 2092 miser
479 2037 609 2092 tensum
633 2028 727 2106 iecur,
753 2039 791 2094 ut
819 2031 881 2098 tibi
905 2033 987 2097 lasso

55 2139 209 2224 figantur
236 2133 361 2210 virides,
389 2133 546 2197 scalarum
572 2132 682 2217 gloria,
707 2135 843 2218 palmae.
866 2178 868 2181 -

56 2240 149 2328 quod
172 2239 261 2304 vocis
283 2237 448 2323 pretium?
471 2238 571 2300 siccus
592 2240 822 2321 petasunculus
844 2249 878 2305 et
900 2263 956 2305 vas

56 2342 282 2431 pelamydum,
306 2348 363 2404 aut
385 2347 518 2415 veteres,
541 2340 728 2405 Maurorum
751 2343 920 2427 epimenia,
944 2343 1044 2421 bulbi,

10 2510 12 2515 ,
57 2457 118 2514 aut
140 2448 260 2513 vinum
281 2444 389 2508 Tiberi
412 2443 591 2519 devectum,
615 2445 758 2529 quinque
781 2444 921 2530 lagonae.

56 2553 84 2618 si
108 2559 230 2638 quater
253 2547 355 2632 egisti,
379 2547 405 2610 si
428 2546 563 2630 contigit
584 2567 700 2610 aureus
722 2570 814 2623 unus,

56 2656 137 2721 inde
161 2652 287 2718 cadunt
306 2659 415 2736 partes
437 2673 478 2714 ex
499 2649 626 2713 foedere
648 2651 937 2739 pragmaticorum..

56 2757 208 2824 Aemilio
230 2755 360 2819 dabitur
372 2761 542 2839 'quantum
564 2752 647 2828 licet,
672 2761 706 2817 et
727 2754 842 2818 melius
863 2777 921 2818 nos

10 2871 27 2939 Β
56 2863 200 2948 egimus
245 2856 341 2919 huius
361 2857 448 2918 enim
471 2862 536 2918 stat
559 2876 669 2918 currus
691 2878 818 2934 aeneus,
842 2858 900 2922 alti

56 2961 274 3052 quadriiuges
295 2959 330 3021 in
348 2957 523 3037 vestibulis,
547 2966 645 3042 atque
667 2958 734 3042 ipse
756 2960 853 3024 feroci

54 3069 223 3136 bellatore
245 3063 359 3128 sedens
382 3070 553 3127 curvatum
574 3061 691 3126 hastile
713 3063 858 3128 minatur

55 3172 195 3239 eminus
217 3172 252 3231 et
273 3173 381 3230 statua
401 3165 579 3229 meditatur
600 3165 721 3249 proelia
742 3166 837 3232 lusca.

53 3279 103 3344 sic
126 3271 221 3340 Pedo
244 3268 422 3346 conturbat,
445 3268 560 3331 Matho
581 3267 707 3348 deficit;
729 3269 835 3333 exitus
857 3270 909 3336 hic
931 3281 980 3337 est

10 3395 23 3441 o
53 3374 213 3464 Tongilii,
238 3395 353 3458 magno
376 3395 450 3436 cum
472 3371 671 3435 rhinocerote
693 3371 792 3438 lavari

54 3483 116 3571 qui
139 3479 228 3545 solet
251 3485 285 3543 et
306 3485 403 3542 vexat
425 3475 588 3540 lutulenta
609 3475 723 3541 balnea
744 3478 842 3544 turba

53 3605 189 3676 perque
210 3582 317 3646 forum
338 3581 471 3645 iuvenes
493 3580 589 3664 longo
611 3579 730 3663 premit
752 3603 856 3646 assere
878 3580 1018 3664 Maedos

55 3699 237 3778 empturus
258 3708 374 3773 pueros
396 3694 567 3770 argentum
589 3685 733 3750 murrina
753 3687 864 3766 villas3

54 3794 204 3885 spondet
226 3790 315 3857 enim
336 3789 432 3877 Tyrio
455 3787 616 3854 stlattaria
637 3809 780 3877 purpura
800 3788 862 3854 filo.
