2550 4266
118 145 164 216 oc
582 123 715 216 XII-r
833 140 837 146 ·

116 353 233 416 nempe
255 331 316 395 hoc
342 330 471 406 indocti,
497 353 634 416 quorum
659 333 845 418 praecordia
867 332 965 401 nullis

115 434 279 498 interdum
303 442 361 498 aut
386 434 510 498 levibus
533 434 642 499 videas
668 435 838 520 flagrantia
864 439 983 502 causis:

117 537 426 622 [quantulacumque
452 537 532 604 adeo
556 547 605 603 est
631 541 761 617 occasio,
786 541 905 607 sufficit
927 543 1019 626 irae]

115 643 313 728 Chrysippus
335 664 401 705 non
425 641 509 707 dicet
535 643 622 708 idem
645 667 705 710 nec
729 646 809 710 mite
833 647 978 711 Thaletis

114 745 280 831 ingenium
304 746 453 832 dulcique
480 770 577 812 senex
602 748 727 814 vicinus
751 751 921 836 Hymetto,

114 848 170 932 qui
193 860 320 935 partem
343 859 491 936 acceptae
514 873 610 915 saeva
635 852 720 917 inter
744 853 851 919 vincla
873 854 997 919 cicutae

113 955 289 1022 accusatori
312 955 413 1019 nollet
437 954 521 1019 dare.
568 955 723 1040 [plurima
747 956 825 1020 felix

112 1061 270 1147 paulatim
293 1061 374 1125 vitia
397 1070 496 1146 atque
520 1083 639 1125 encres
665 1061 756 1125 exuit
783 1084 901 1138 omnes

112 1167 218 1250 prima
241 1167 333 1231 docet
356 1174 480 1230 rectum
506 1165 689 1250 sapientia]
732 1165 853 1251 quippe
879 1164 999 1228 minuti

113 1291 237 1354 semper
261 1279 295 1334 et
318 1269 439 1332 infirmi
465 1276 514 1332 est
538 1268 639 1332 animi
663 1268 835 1354 exiguique
858 1267 1008 1353 voluptas

111 1374 206 1439 ultio:
235 1376 386 1440 continuo
410 1375 455 1438 sic
481 1374 600 1460 collige,
629 1376 713 1460 quod
736 1375 879 1440 vindicta

52 1485 53 1489 ’
111 1504 206 1546 nemo
231 1481 333 1565 magis
359 1481 487 1566 gaudet,
516 1504 613 1566 quam
636 1480 765 1545 semina
811 1502 866 1544 cur
887 1486 1000 1543 tamen
1023 1479 1081 1543 hos
1107 1489 1139 1542 tu

111 1587 247 1652 evasisse
272 1597 376 1672 putea,
401 1608 479 1672 quos
504 1587 565 1650 diri
589 1587 712 1651 conscia
735 1585 810 1650 facti

110 1714 201 1757 mens
228 1691 326 1757 habet
352 1691 505 1756 attonitos
531 1701 565 1756 et
594 1692 689 1756 surdo
714 1693 845 1756 verbere
869 1690 975 1755 caedit
1081 1761 1085 1768 ,

110 1797 270 1859 occultum
294 1797 460 1881 quatiente
484 1795 591 1859 animo
617 1804 737 1859 tortore
760 1794 942 1879 flagellum?

109 1921 213 1984 poena
240 1909 349 1965 autem
375 1901 547 1964 vehemens
574 1923 610 1965 ac
634 1901 737 1964 multo
764 1900 886 1964 saevior
910 1899 982 1975 illis,

110 2025 188 2089 quas
213 2013 246 2068 et
270 2005 437 2070 Caedicius
461 2006 566 2089 gravis
591 2004 716 2071 invenit
740 2013 773 2068 et
800 2001 1077 2080 Rhadamanthus

109 2118 202 2172 nocte
226 2108 342 2194 dieque
366 2132 461 2174 suum
482 2119 607 2195 gestare
630 2110 664 2173 in
686 2118 814 2194 pectore
836 2116 962 2173 testem.

109 2214 268 2300 Spartano
295 2214 422 2279 cuidam
447 2214 612 2299 respondit
636 2213 753 2298 Pythia
777 2223 873 2292 vates

110 2319 189 2383 haut
210 2320 409 2406 impunitum
431 2318 589 2403 quondam
613 2317 687 2392 sore,
712 2316 798 2401 quod
820 2317 982 2382 dubitaret

109 2422 291 2507 depositum
315 2424 452 2489 retinere
478 2430 511 2486 et
534 2421 681 2484 fraudem
705 2420 774 2485 iure
800 2421 885 2484 tueri

108 2528 249 2593 iurando.
285 2530 458 2615 quaerebat
484 2528 579 2604 enim,
603 2550 686 2612 quae
712 2529 854 2592 numinis
878 2538 962 2594 esset

107 2657 207 2713 mens,
232 2646 265 2701 et
289 2659 331 2699 an
355 2635 414 2699 hoc
438 2636 486 2699 illi
512 2634 635 2699 facinus
661 2636 809 2701 suaderet
835 2636 971 2722 Apollo?

107 2739 246 2803 reddidit
273 2761 347 2823 ergo
370 2748 469 2818 metu,
497 2761 563 2803 non
588 2740 745 2820 moribus;
771 2749 938 2804 ettamen
962 2762 1091 2805 omnem
1122 2800 1126 2810 .

106 2866 216 2909 vocem
240 2845 331 2931 adyti
357 2845 486 2930 dignam
512 2847 633 2931 templo
659 2868 832 2932 veramque
855 2849 1012 2933 probavit,

107 2949 267 3014 extinctus
291 2958 359 3014 tota
383 2951 503 3036 pariter
526 2972 599 3014 cum
622 2951 710 3035 prole
734 2950 892 3036 domoque

107 3062 140 3117 et
165 3054 310 3138 quamvis
334 3053 429 3138 longa
452 3053 596 3118 deductis
621 3061 718 3137 gente
741 3055 936 3140 propinquis

106 3157 163 3222 has
187 3158 310 3243 patitur
335 3179 453 3242 poenas
475 3156 628 3242 peccandi
651 3155 719 3220 sola
743 3157 899 3223 voluntas.

105 3286 182 3326 nam
208 3264 308 3354 scelus
332 3264 418 3328 intra
440 3285 473 3328 se
500 3264 634 3327 tacitum
658 3264 714 3355 qui
739 3264 857 3349 cogitat
881 3265 993 3342 ullum,

105 3367 182 3431 sacti
208 3368 328 3432 crimen
352 3368 465 3432 habet:
491 3368 575 3444 cedo,
600 3368 626 3431 si
650 3377 765 3433 conata
786 3371 929 3456 peregit?

105 3484 262 3560 perpetua
285 3477 429 3542 anxietas
452 3500 511 3543 nec
536 3499 665 3541 mensae
688 3485 832 3562 tempore
856 3488 958 3544 cessat

105 3579 250 3644 faucibus
273 3589 311 3644 ut
334 3579 444 3647 morbo
470 3581 558 3647 siccis
581 3583 729 3665 interque
753 3580 888 3646 molares

106 3687 225 3752 difficili
252 3696 412 3778 crescente
436 3688 523 3766 cib03
549 3687 662 3753 Setina
685 3686 827 3753 misellus

105 3790 226 3879 expuit,
253 3791 373 3856 Albani
397 3792 514 3858 veteris
540 3791 679 3878 pretiosa
704 3799 850 3856 senectus
