2550 4266
117 397 144 462 si
167 406 259 484 potes
282 388 382 462 avelli
399 380 600 472 circensibus
622 393 746 482 optima
768 385 887 460 Sorae¹
930 392 934 400 ’

116 509 175 564 aut
197 498 403 564 Fabrateriae
426 498 539 561 domus
562 504 620 561 aut
641 498 819 563 Frusinone
840 506 981 584 paratur,

46 619 56 666 t
58 617 79 685 5
116 601 232 687 quanti
252 623 340 665 nunc
360 600 510 665 tenebras
532 622 634 663 unum
657 600 806 666 conducis
826 600 863 665 in
884 623 1013 666 annum.

115 707 263 770 hortulus
285 706 338 770 hic
369 713 551 790 puteusque
574 704 680 769 brevis
701 727 761 770 nec
782 714 867 770 reste
888 705 1065 770 movendus

114 811 150 874 in
173 809 279 874 tenuis
301 810 430 895 plantas
451 808 538 872 facili
560 808 749 874 defunditur
768 810 896 875 haustu.
933 855 937 862 -

114 914 188 978 rive
210 913 352 979 bidentis
374 934 486 977 amans
509 919 543 976 et
565 912 645 976 culti
666 912 779 976 vilicus
800 913 894 992 horti,
974 952 977 959 >

114 1019 202 1082 unde
225 1018 357 1103 epulum
379 1017 480 1103 possis
503 1024 634 1081 centum
657 1017 733 1081 dare
756 1017 972 1103 Pythagoreis,

46 1137 78 1199 30
114 1128 165 1184 est
187 1119 317 1204 aliquid,
340 1142 543 1205 quocumque
566 1119 642 1195 loco,
666 1142 868 1205 quocumque
889 1141 1022 1196 recessu,

100 1222 211 1286 ‘unius
232 1245 301 1287 sese
323 1223 491 1287 dominum
512 1222 624 1288 fecisse
645 1223 790 1288 lacertae.
850 1270 852 1275 -

179 1323 341 1390 Plurimus
363 1325 416 1389 hic
438 1347 534 1410 aeger
554 1325 691 1390 moritur
711 1325 893 1410 vig'land03
916 1325 973 1390 sed
995 1325 1102 1412 ipsum
1160 1405 1163 1409 Ι

112 1429 300 1515 languorem
322 1429 449 1515 peperit
471 1430 562 1494 cibus
584 1430 778 1516 inperfectus
801 1439 835 1496 et
856 1430 991 1495 haerens

112 1533 241 1597 ardenti
262 1535 434 1610 stomacho,
456 1556 533 1597 nam
556 1556 639 1618 quae
661 1534 824 1598 meritoria
846 1556 994 1598 somnum

47 1648 74 1717 ;5
113 1636 314 1701 admittunt?
336 1637 462 1722 magnis
485 1638 599 1723 opibus
622 1638 780 1703 dormitur
800 1638 843 1701 in·
857 1638 944 1712 urbe,
995 1685 998 1689 -

70 1751 75 1757 '
112 1740 189 1804 inde
211 1749 308 1825 caput
329 1740 440 1805 morbi.
484 1741 634 1805 redarum
655 1742 810 1806 transitus
832 1749 902 1805 arto

111 1844 256 1908 vicorum
277 1843 398 1907 inflexu
421 1853 454 1910 et
477 1845 592 1910 stantis
614 1845 756 1910 convicia
777 1845 930 1910 mandrae

111 1945 250 2032 eripient
273 1969 421 2012 somnum
444 1949 548 2013 Druso
569 1949 744 2034 vitulisque
764 1950 905 2024 marinis,

177 2050 213 2115 Si
236 2058 329 2115 vocat
352 2051 499 2130 officium,
522 2052 620 2116 turba
641 2052 776 2116 cedente
797 2054 935 2117 vehetur

47 2171 72 2215 0
110 2153 200 2219 dives
223 2163 256 2219 et
278 2155 404 2250 ingenti
426 2165 532 2221 curret
555 2178 652 2242 super
672 2179 727 2221 ora
747 2157 882 2233 liburna,
902 2173 905 2176 ’
966 2190 969 2197 ¹

68 2271 71 2274 ’
88 2304 92 2309 ·
110 2274 210 2351 atque
233 2266 337 2330 obiter
358 2264 444 2350 leget
467 2274 524 2330 aut
541 2267 664 2330 ‘scribet
685 2266 737 2330 vel
759 2266 897 2331 dormiet
918 2267 1016 2344 intus,

111 2391 252 2454 namque
274 2369 351 2433 facit
373 2390 522 2433 somnum
545 2370 653 2434 clausa
672 2370 786 2435 lectica
806 2371 955 2450 fenestra,

111 2481 188 2537 ante
210 2481 320 2536 tamen
342 2472 459 2537 veniet.
503 2473 595 2537 nobis
617 2474 863 2559 properantibus
885 2475 993 2539 obstat

110 2575 199 2639 unda
220 2575 315 2660 prior,
337 2598 456 2660 magno
478 2577 616 2662 populus
638 2578 757 2662 premit
779 2579 907 2663 agmine
930 2579 1054 2643 lumbos

49 2685 71 2754 5
111 2678 168 2764 qui
190 2679 343 2763 sequitur,
366 2678 441 2743 ferit
462 2678 515 2742 hic
537 2679 654 2758 cubito,
678 2681 753 2745 ferit
774 2703 878 2745 assere
900 2682 979 2746 duro

55 2775 66 2781 '¹
110 2783 200 2857 alter,
217 2789 252 2845 at
273 2780 327 2845 hic
342 2781 471 2865 tignum
494 2782 592 2867 capiti
614 2782 741 2859 incutit,
764 2783 819 2848 ille
841 2792 1012 2848 metretam
1023 2809 1031 2863 ;

108 2883 245 2967 pinguia
268 2904 361 2946 crura
381 2882 472 2962 luto;
493 2882 607 2967 planta
627 2905 704 2947 mox
725 2883 874 2969 undique¹
890 2908 1008 2970 magna

108 2988 213 3052 calcor
236 2995 270 3052 et
291 2988 326 3052 in
349 2987 451 3072 digito
473 2989 582 3052 clavus
603 2988 685 3051 mihi
706 2989 819 3053 militis
840 2989 959 3055 haeret.

109 3083 219 3156 nonne
238 3092 336 3170 vides,
361 3084 483 3177 quanto
506 3092 686 3156 celebretur
707 3093 849 3177 sportula
870 3093 982 3157 fumo?

48 3206 70 3251 0
109 3203 241 3259 centum
263 3197 424 3272 convivae,
449 3196 595 3282 sequitur
617 3218 675 3260 sua
696 3218 856 3282 quemque
878 3197 992 3262 culina

109 3297 247 3363 Corbulo
269 3298 324 3362 vix
346 3300 444 3363 ferret
466 3306 516 3362 tot
538 3321 615 3362 vasa
636 3298 789 3383 ingentia,
813 3308 862 3363 tot
884 3322 934 3364 res

108 3400 274 3485 impositas
296 3401 403 3487 capiti,
428 3424 507 3487 quas
529 3408 616 3465 recto
638 3402 757 3466 vertice
779 3410 887 3487 portat

108 3502 253 3568 servulus
276 3504 389 3568 infelix
411 3513 444 3569 et
467 3527 561 3568 cursu
582 3505 720 3569 ventilat
741 3506 857 3591 ignem.

107 3607 299 3672 scinduntur
320 3607 448 3672 tunicae
472 3616 575 3672 sartae
597 3609 700 3688 modo,
724 3609 819 3695 longa
840 3618 981 3677 coruscat

49 3723 71 3792 5
108 3732 230 3775 serraco
252 3710 404 3776 veniente
427 3711 523 3787 abisa,
547 3718 645 3796 atque
668 3712 769 3777 altera
789 3714 903 3799 pinum

107 3813 251 3900 plaustra
271 3812 405 3892 vehunt,
429 3820 549 3878 nutant
571 3803 640 3878 alto¹
659 3815 841 3901 populoque
861 3816 1030 3882 minantur.
