2550 4266
368 616 411 681 D.
446 617 600 684 IUNII
661 616 978 686 IUVENALIS
1026 668 1029 675 .

315 750 894 916 Ι[εΑΤυΒΑΒΗΜ

437 999 444 1012 ·
500 964 626 1050 arnus
685 999 853 1051 ruimus

669 1282 691 1356 I

95 1458 102 1514 s
149 1459 288 1544 Semper
312 1480 371 1543 ego
395 1458 524 1524 auditor
549 1463 701 1522 tautumt
726 1479 947 1543 numquamne
973 1480 1127 1545 reponam
1176 1487 1178 1491 ¹

148 1570 285 1627 vexatus
307 1563 426 1626 totiens
448 1562 537 1626 rauci
559 1561 717 1625 Theseide
739 1560 860 1624 Cordi?

148 1669 281 1754 impune
305 1691 378 1752 ergo
401 1668 483 1730 mihi
504 1666 687 1731 recitaverit
709 1666 763 1730 ille
785 1674 920 1751 togatas,

148 1771 201 1835 hic
224 1772 353 1855 elegos?
375 1773 507 1857 impune
532 1772 618 1835 diem
638 1771 870 1855 consumpserit
892 1770 1004 1855 ingens

115 1874 317 1959 5Telephus
341 1883 398 1937 aut
421 1873 538 1936 summi
560 1875 658 1958 plena
680 1874 744 1936 iam
767 1873 911 1957 margine
933 1872 1008 1936 libri

120 1981 123 1990 '
146 1978 283 2042 scribtus
307 1986 340 2041 et
362 1977 396 2039 in
419 1985 509 2060 tergo
532 1976 669 2039 necdum
692 1974 803 2037 finitus
827 1974 980 2038 Orestes?

145 2088 225 2145 nota
247 2081 349 2165 magis
371 2081 453 2143 nulli
476 2080 589 2143 domus
612 2087 660 2142 est
683 2100 748 2154 sua,
773 2100 870 2162 quam
892 2077 974 2140 mihi
995 2077 1086 2142 lucus

146 2183 261 2248 Martis
285 2193 318 2248 et
341 2182 462 2248 Aeoliis
484 2183 627 2247 vicinum
648 2183 782 2267 rupibus
805 2190 934 2251 antrum

145 2286 293 2352 Vulcani.
339 2288 416 2371 quid
438 2295 536 2372 agant
559 2287 657 2362 venti,
681 2308 760 2370 quas
782 2293 931 2369 torqueat
953 2285 1083 2350 umbras

96 2415 135 2460 10
147 2391 282 2480 Aeacus,
305 2391 391 2454 unde
414 2393 495 2455 alius
518 2391 655 2454 furtivae
679 2389 816 2454 devehat
841 2410 955 2452 aurum

92 2488 103 2523 ⁵
146 2494 324 2578 pelliculae,
349 2503 486 2580 quantas
511 2495 668 2557 iaculetur
694 2492 875 2576 Monychus
900 2513 1000 2568 ornos,

147 2597 316 2662 Frontonis
339 2599 464 2684 platani
486 2598 699 2681 convulsaque
725 2618 885 2659 marmora
906 2595 1045 2659 clamant

146 2721 274 2784 semper
298 2709 331 2764 et
356 2700 488 2765 adsiduo
518 2708 633 2785 ruptae
656 2700 773 2762 lectore
794 2699 981 2762 columnae:

146 2812 312 2889 exspectes
340 2805 452 2868 eadem
476 2827 496 2868 a
519 2826 645 2868 summo
676 2804 875 2888 minimoque
904 2812 1007 2888 poeta.

95 2921 134 2990 15
147 2915 180 2970 et
210 2930 268 2972 nos
296 2930 370 2993 ergo
393 2922 525 2972 manum
550 2909 669 2972 ferulae
693 2907 912 2983 subduximus,
938 2916 971 2971 et
996 2929 1054 2970 nos

145 3011 314 3076 consilium
340 3012 485 3076 dedimus
511 3011 627 3087 Sullae,
653 3012 798 3097 privatus
828 3020 866 3075 ut
892 3012 995 3075 altum

145 3111 318 3193 dormiret3
340 3115 440 3178 stulta
460 3122 509 3178 est
539 3115 719 3191 clementia,
744 3137 817 3179 cum
847 3123 897 3178 tot
922 3114 1043 3198 ubique

144 3216 275 3280 vatibus
299 3240 449 3296 occurras,
472 3219 634 3304 periturae
657 3241 786 3305 parcere
813 3219 949 3283 chartae.

146 3337 203 3380 cur
226 3325 337 3383 tamen
360 3321 420 3386 hoc
443 3321 551 3407 potius
576 3320 676 3385 libeat
701 3321 866 3384 decurrere
891 3340 1010 3404 campo,

92 3439 134 3487 20
145 3440 204 3503 per
228 3443 324 3505 quem
346 3415 482 3509 magnus
509 3446 607 3509 equos
632 3424 801 3488 Auruncae
826 3421 922 3486 flexit
948 3420 1105 3496 alumnus,

89 3512 96 3573 ἓ
145 3521 174 3585 si
196 3532 289 3588 vacat
312 3548 348 3588 ac
371 3527 489 3611 placidi
512 3527 668 3592 rationem
692 3526 872 3602 admittitis,
904 3524 1004 3588 edam.

212 3625 294 3690 (lum
320 3636 412 3693 tener
435 3653 568 3695 uxorem
593 3629 690 3694 ducat
712 3630 820 3716 spado,
844 3628 952 3692 Mevia
978 3627 1117 3691 Tuscum

146 3723 224 3810 figat
248 3719 375 3815 aprum
389 3739 422 3798 et
451 3733 541 3798 nuda
565 3740 677 3799 teneat
701 3733 860 3798 venabula
888 3752 1038 3805 mamma,

1091 3838 1108 3898 1
