2550 4266
609 121 720 196 XIII

92 303 135 384 15
150 313 306 400 displicet3
330 312 478 378 ostendas
503 302 628 387 melius,
654 309 844 375 densissima
868 305 949 394 rug'a
1015 305 1020 313 ”
1065 307 1069 311 ’

147 419 267 502 cogitur
291 418 326 480 in
348 417 497 493 frontem,
521 416 612 480 velut
634 415 699 479 acri
726 415 824 479 ducta
847 413 990 476 Falerno.

144 531 234 586 nocte
257 522 389 585 brevem
413 521 440 584 si
463 521 547 584 forte·
580 518 714 582 indulsit
740 540 816 581 cura
839 539 983 602 soporem

142 631 173 686 et
199 632 268 688 toto
293 632 419 688 versata
441 632 511 687 toro
535 623 601 685 iarn
627 621 773 685 membra
799 621 976 706 quiescunt,

140 727 291 790 continuo
318 726 478 812 templum
503 734 536 790 et
559 724 671 789 violati
696 725 840 788 numinis
864 747 934 788 aras

83 832 125 886 ²0
138 841 179 910 et,
205 832 292 917 quod
317 833 496 918 praecipuis
522 841 665 896 mentem
692 832 860 896 sudoribus
884 839 985 916 urget,
1104 848 1106 853 ’

137 944 171 1001 te
197 937 287 1001 videt
313 937 348 1000 in
372 937 511 1016 somnis3
534 944 592 1001 tua
616 960 704 1002 sacra
731 946 763 1001 et
787 938 893 1026 maior
911 938 1017 1022 imago

136 1041 282 1104 humana
307 1040 418 1103 turbat
442 1039 597 1125 pavidum
624 1040 772 1125 cogitque
796 1027 909 1106 fateri.=
949 1036 950 1039 '
1097 1032 1099 1036 ⁷

135 1147 171 1211 hi
195 1157 281 1224 sunt,
309 1147 366 1233 qui
391 1147 557 1233 trepidant
582 1156 615 1211 et
642 1147 682 1211 ad
709 1148 817 1211 omnia
842 1148 970 1232 fulgura
992 1134 1122 1233 pallent,

137 1273 211 1314 cum
238 1260 339 1327 tonat,
365 1251 528 1315 exanimes
553 1252 658 1336 primo
685 1274 812 1336 quoque
837 1274 1002 1315 murmure
1028 1252 1126 1332 caeli;

83 1368 122 1436 25
137 1378 202 1419 non
228 1357 318 1441 quasi
342 1357 496 1420 fortuitus
518 1379 578 1421 nec
601 1365 772 1421 ventorum
796 1359 892 1435 rabie,
920 1365 969 1423 set

137 1461 238 1526 iratus
265 1462 359 1527 cadat
383 1462 418 1526 in
444 1470 546 1526 terras
570 1470 604 1526 et
629 1463 771 1527 vindicet
796 1463 886 1547 ignis,

135 1566 192 1629 illa
216 1565 298 1640 nihil
322 1566 440 1643 nocuit,
468 1589 544 1630 cura
566 1566 710 1650 graviore
734 1566 868 1630 timetur
902 1611 904 1615 -

135 1671 281 1754 proxima
305 1679 490 1756 tempestas,
515 1673 605 1736 velut
629 1672 689 1738 hoc
713 1671 813 1734 dilata
839 1693 957 1736 sereno.

135 1782 303 1857 praeterea
326 1775 436 1840 lateris
459 1775 550 1860 vigili
575 1798 649 1839 cum
675 1775 763 1838 febre
787 1775 928 1838 dolorem

83 1888 121 1953 30
136 1877 161 1939 si
184 1900 315 1963 coepere
341 1879 418 1965 pati,
443 1879 578 1942 missum
605 1878 646 1941 ad
671 1900 729 1942 sua
754 1900 884 1962 corpora
909 1878 1057 1941 morbum

135 1981 250 2045 infesto
275 1982 410 2047 credunt
437 2005 457 2045 a
480 1981 622 2067 numine,
651 2003 727 2045 saxa
740 1982 885 2066 deorum

135 2082 213 2147 haec
236 2092 270 2148 et
291 2087 357 2149 tela
378 2095 505 2171 putant.
550 2085 708 2171 pecudem
734 2085 889 2169 spondere
912 2083 1026 2148 sacello

134 2187 299 2252 balantem
321 2199 354 2254 et
376 2190 512 2253 Laribus
537 2190 667 2253 cristam
690 2188 879 2273 promittere
903 2187 980 2272 galli

135 2311 201 2353 non
225 2291 365 2375 audent3
391 2293 469 2378 quid
492 2293 579 2356 enirn
602 2314 730 2377 sperare
752 2291 942 2355 nocentibus
964 2290 1066 2374 aegris

83 2443 85 2459 ,
92 2412 119 2481 5
135 2403 335 2462 concessum?
357 2400 408 2463 vel
431 2422 513 2484 quae
534 2422 600 2463 non
622 2399 748 2484 dignior
770 2397 876 2461 hostia
897 2397 983 2460 vita?

134 2501 275 2584 [mobilis
299 2509 332 2565 et
354 2503 443 2565 varia
465 2511 514 2566 est
537 2503 637 2566 ferme
658 2511 775 2565 natura
797 2500 979 2583 malorum]

133 2627 206 2669 cum
230 2605 331 2670 scelus
354 2605 540 2681 admittunt,
565 2617 709 2690 superest
733 2604 931 2683 constantia3
955 2603 1033 2687 quid
1055 2601 1103 2665 fas
1179 2619 1181 2623 ’

133 2718 230 2794 atque
252 2711 358 2786 nefas
374 2710 506 2774 tandem
528 2711 688 2795 incipiunt
710 2710 829 2774 sentire
851 2708 988 2793 peractis

132 2815 326 2880 criminibus.
371 2824 482 2880 tamen
505 2817 545 2880 ad
567 2839 670 2880 mores
693 2823 811 2879 natura
832 2816 966 2879 recurrit

83 2929 118 2980 ,Ο
131 2918 307 2997 damnatos,
331 2922 397 2985 fixa
418 2929 452 2986 et
473 2923 593 2986 mutari
615 2923 727 2986 nescia.
772 2945 849 2986 nam
872 2923 943 3007 quis

130 3023 284 3107 peccandi
306 3025 404 3089 finem
426 3026 535 3111 posuit
558 3027 638 3089 sibi?
660 3025 788 3110 quando
810 3026 932 3111 recepit

132 3125 270 3190 eiectum
290 3129 390 3192 semel
415 3131 528 3193 attrita
555 3129 595 3193 de
618 3129 722 3192 fronte
744 3130 912 3193 ruborem?

131 3230 280 3315 quisnam
301 3234 470 3299 hominum
493 3243 549 3312 est,
571 3242 671 3320 'quem
693 3243 731 3298 tu
754 3243 942 3300 contentum
965 3234 1082 3299 rideris
1104 3255 1168 3298 uno

131 3334 272 3419 flagitiot
297 3337 386 3402 dabit
408 3339 443 3402 in
464 3338 617 3422 laqueum
638 3338 774 3423 vestigia
794 3347 903 3403 noster

83 3456 118 3529 r5
132 3437 272 3522 perfidus
295 3449 329 3504 et
350 3441 433 3525 nigri
455 3441 600 3527 patietur
622 3442 754 3505 carceris
776 3463 895 3505 uncum

131 3554 188 3610 aut
211 3546 307 3609 maris
329 3537 451 3631 Aegaei
472 3569 587 3632 rupem
610 3549 817 3633 scopulosque
840 3548 1024 3632 frequentes

131 3649 277 3714 exulibus
300 3653 432 3737 magnis
477 3675 581 3738 poena
602 3652 756 3738 gaudebis
778 3674 887 3718 amara
