2550 4266
112 139 159 206 24
575 182 577 186 ,
606 100 650 182 vV

109 294 277 382 poscimus,
299 300 337 357 ut
358 287 457 357 cenes
473 289 627 369 civiliter;
647 289 708 354 ho'c
729 290 796 355 face
820 299 853 356 et
876 290 953 372 esto,

84 408 186 478 ‘esto
209 408 247 463 ut
268 419 354 461 nuno
375 395 478 470 multi,
503 393 591 457 dives
613 394 682 472 tibi,
705 416 827 480 pauper
849 397 975 464 amicis!

195 501 326 567 Anseris
348 508 423 563 ante
446 498 552 582 ipsum
572 499 683 582 'magni
705 499 800 576 iecur,
823 501 987 566 anseribus
1010 521 1072 589 par

110 606 216 685 altilis,
240 613 273 668 et
294 602 369 667 flavi
391 601 506 686 dignus
527 600 609 664 ferro
631 599 784 685 Meleagri
1185 623 1194 667 1

110 709 214 773 fumat
235 730 329 792 aper;
353 714 424 791 post
446 705 532 768 hunc
553 703 722 767 tradentur
744 704 865 781 tubera,
889 704 916 767 si
938 726 994 768 ver
1148 731 1150 735 ¹

110 818 188 874 tuno
211 809 272 874 erit
295 818 328 873 et
350 805 470 872 sacient
492 816 604 893 optata
625 807 769 870 tonitrua
791 829 884 871 cenas

109 915 252 978 maiores.
299 911 377 992 ‘tihi
399 911 482 975 habe
505 909 721 985 frumentum,’
743 909 888 973 Alledius
910 909 1027 994 inquit,

112 1023 149 1080 ‘o
171 1016 280 1101 Libye,
304 1015 449 1099 disiunge
473 1014 577 1089 boves,
601 1013 679 1077 dum
701 1015 816 1078 tubera
839 1014 966 1078 mittas’
1016 1038 1018 1040 ·

110 1126 299 1183 structorem
321 1114 452 1194 interea,
474 1124 515 1182 ne
538 1140 603 1202 qua
624 1118 804 1203 indignatio
826 1119 917 1195 desit,

109 1222 280 1285 saltantem
303 1229 425 1305 spectes
447 1227 481 1284 et
503 1220 749 1284 chironomunta
774 1221 897 1284 volanti

109 1326 245 1404 cultell0,
270 1324 370 1388 donec
391 1331 523 1409 peragat
546 1322 667 1388 dictata
687 1325 834 1410 magistri

109 1430 235 1509 omnia3
257 1453 316 1494 nec
331 1429 464 1493 minimo
487 1449 562 1492 sane
585 1427 767 1493 discrimine
789 1431 893 1506 refert,

108 1555 172 1618 quo
194 1536 290 1617 gestu
310 1525 432 1617 lepores
455 1539 488 1595 et
510 1553 573 1617 quo
601 1533 722 1616 gallina
744 1542 875 1598 secetur.

109 1635 234 1701 duceris
257 1636 377 1722 planta,
400 1635 490 1699 velut
512 1635 595 1699 ictus
618 1636 659 1699 ab
682 1637 822 1702 Hercule
846 1638 954 1718 Cacus,
1103 1628 1106 1633 ¹
1184 1661 1192 1701 1

109 1748 142 1804 et
164 1760 283 1825 ponere
305 1738 389 1816 foris,
419 1737 446 1801 si
468 1737 546 1823 quid
568 1741 775 1824 temptaveris
797 1764 953 1828 umquam

107 1843 237 1918 hiscere,
256 1851 423 1926 tamqnam
444 1839 563 1906 habeas
584 1843 648 1906 tria
668 1844 806 1909 nomina
852 1847 980 1930 quando
994 1846 1156 1935 propinat

107 1945 200 2009 Virro
223 1944 284 2007 tibi
307 1943 446 2007 sumitve
468 1943 535 2007 tuis
558 1952 705 2010 contecta
726 1947 850 2012 labellis

106 2048 242 2134 poculal
264 2047 335 2132 quis
357 2054 500 2111 vestrum
521 2049 710 2113 temerarius
732 2071 833 2134 usque
856 2051 942 2130 adeo,
967 2053 1042 2138 quis

50 2210 51 2213 ,
105 2153 258 2238 perditus,
281 2153 320 2216 ut
342 2151 428 2215 dicat
448 2151 516 2235 regi
539 2151 659 2217 ‘bibet'
680 2153 821 2237 plurima
843 2163 927 2231 sunt,
951 2178 1035 2241 quae
1181 2178 1192 2221 r

106 2280 172 2321 non
194 2256 315 2320 audent
329 2252 482 2319 'homines
504 2262 635 2344 pertusa
657 2256 762 2322 dicere
783 2259 895 2339 laena3

106 2359 342 2447 quadringenta
362 2357 424 2421 tibi
446 2357 473 2421 si
495 2346 566 2442 quis
589 2357 667 2422 deus
690 2366 747 2422 aut
770 2360 883 2425 similis
906 2360 956 2427 dis

106 2472 140 2529 et
161 2464 274 2528 melior
297 2461 370 2525 fatis
393 2460 526 2524 donaret
548 2459 728 2539 homuncio,
753 2472 892 2548 quantus

106 2591 145 2633 ex
167 2567 276 2644 nihilo,
301 2573 440 2650 quantus
462 2565 553 2627 fieres
575 2563 720 2629 Virronis
743 2567 880 2632 amicus!

106 2671 165 2735 ‘da
186 2669 319 2733 Trebio!
342 2689 426 2753 pone
440 2667 481 2732 ad
503 2667 675 2732 Trebium!
701 2668 749 2732 vis
771 2668 869 2734 frater
889 2671 931 2734 ab
952 2670 1030 2756 ipsis
1177 2696 1189 2741 1

105 2774 233 2840 ilibusl'
278 2798 295 2839 0
317 2772 452 2847 nummi,
475 2771 564 2836 vobis
587 2771 674 2836 hunc
694 2781 837 2857 praestat
858 2773 1020 2851 honorem,

105 2902 161 2943 vos
184 2878 259 2942 estis
281 2877 404 2940 fratres.
450 2875 597 2940 dominus
620 2882 730 2940 tamen
753 2882 786 2938 et
808 2876 930 2940 domini
951 2898 1008 2941 rex

105 2982 133 3046 si
154 2981 202 3045 vis
223 2989 262 3044 tu
284 2979 361 3056 fieri,
385 2978 493 3042 nullus
514 2978 576 3043 tibi
597 2978 747 3064 parvolus
768 2978 844 3047 aula

105 3085 218 3150 luserit
239 3084 365 3148 Aeneas
386 3104 445 3146 neo
467 3081 537 3145 filia
556 3081 679 3145 dulcior
699 3080 762 3148 illo.

106 3188 295 3275 [iucundum
318 3195 352 3251 et
373 3207 483 3249 carum
504 3185 620 3249 sterilis
642 3184 720 3248 facit
741 3207 822 3250 uxor
843 3185 1006 3271 amicum]
1178 3216 1189 3259 1

106 3301 156 3357 set
177 3300 235 3356 tua
256 3312 342 3354 nunc
363 3289 490 3373 Mygale
512 3289 618 3375 pariat
639 3289 715 3354 licet
737 3298 771 3354 et
791 3311 907 3375 pueros
929 3298 997 3354 tres

106 3396 140 3459 in
162 3394 319 3480 gremium
341 3392 443 3478 patris
465 3392 580 3456 fundat
603 3392 706 3472 simul,
730 3393 798 3478 ipse
820 3394 946 3479 loquaci

106 3497 260 3585 gaudebit
282 3495 367 3573 nido,
389 3494 525 3559 viridem
547 3493 679 3559 thoraca
701 3495 827 3560 iubebit

107 3599 224 3666 adferri
245 3599 458 3683 minimasque
480 3620 577 3662 nuces
599 3620 766 3684 assemque
789 3607 945 3683 rogatum,

107 3704 148 3771 ad
169 3722 313 3766 mensam
335 3701 483 3785 quotiens
504 3703 663 3788 parasitus
685 3702 811 3768 venerit
832 3701 945 3766 infans
1175 3727 1188 3774 1
