2550 4266
9 176 56 232 20
493 143 570 224 I'V„

7 341 152 417 tempore
174 330 247 406 iam,
272 329 396 406 Caesar,
419 330 510 415 figuli
532 339 590 394 tua
611 338 715 397 castra
736 329 931 416 sequantur?⁴

7 438 86 500 vicit
107 436 205 519 digna
226 435 295 498 viro
317 435 496 498 sententia:
520 444 652 499 noverat
673 436 728 500 ille

8 540 171 602 luxuriam
193 537 308 622 inperii
330 545 474 602 veterem
495 545 668 623 noctesque
690 537 829 602 Neronis
957 609 962 618 ,

8 643 73 706 iam
95 641 219 705 medias
241 642 402 726 aliamque
425 642 552 717 famem,
576 664 650 705 eum
671 641 782 727 pulmo
804 638 941 704 Falerno

8 746 142 811 arderet.
187 746 268 809 nulli
290 747 393 809 maior
413 746 475 809 fuit
498 768 573 810 usus
597 745 712 810 edendi

8 857 202 933 tempestate
224 871 315 912 mea:
341 848 458 913 Oiroeis
480 857 560 913 nata
579 849 685 913 forent
707 871 749 913 an

8 953 183 1016 Lucrinum
205 952 246 1016 ad
269 957 381 1016 saxum
403 953 611 1037 Rutupinove
634 952 721 1017 edita
741 950 841 1015 fundo

9 1065 121 1131 ostrea,
145 1057 282 1120 callebat
303 1057 408 1141 primo
430 1057 645 1142 depraendere
665 1077 786 1137 morsu3

9 1169 43 1224 et
65 1160 164 1223 semel
187 1160 307 1245 aspecti
329 1161 408 1224 litus
430 1160 559 1224 dicebat
581 1160 695 1224 echini.

10 1261 158 1345 surgitur,
183 1268 216 1325 et
237 1263 334 1325 misso
356 1284 500 1348 proceres
522 1262 609 1326 exire
631 1262 784 1325 iubentur

9 1364 146 1441 consilio,
171 1386 250 1447 quos
271 1364 432 1428 Albanam
445 1364 520 1427 dux
542 1386 678 1449 magnus
700 1364 736 1426 in
757 1384 863 1427 arcem

9 1477 150 1533 traxerat
172 1468 326 1533 attonitos
348 1476 380 1531 et
403 1467 554 1532 festinare
577 1476 709 1544 coaetos,

9 1579 176 1656 tamquam
198 1571 238 1635 de
261 1570 365 1636 Cattis
387 1570 508 1655 aliquid
530 1572 694 1655 torvisque
717 1567 900 1655 Sycambris

9 1675 161 1749 dicturus,
185 1682 352 1758 tamquam
375 1695 393 1737 e
430 1673 562 1738 diversis
584 1672 730 1758 partibus
752 1671 837 1735 orbis

8 1778 105 1842 anxia
125 1777 295 1862 praecipiti
315 1776 455 1840 venisset
478 1777 616 1862 epistula
637 1777 746 1862 pinna
834 1846 838 1857 ,

73 1890 171 1964 atque
193 1881 322 1954 utinam
342 1880 393 1944 his
414 1881 522 1966 potius
544 1880 638 1964 nugis
661 1887 731 1943 tota
751 1878 807 1942 illa
828 1876 969 1942 dedisset

7 1993 154 2068 tempora
175 1984 333 2062 saevitiae,
358 1983 457 2048 claras
479 1985 596 2068 quibus
618 1984 752 2047 abstulit
774 1981 847 2046 urbi

8 2088 222 2171 inlustresque
245 2089 367 2150 animas
390 2087 523 2173 impune
545 2096 579 2152 et
600 2086 726 2150 vindice
749 2085 855 2149 nullo!

3 2188 63 2273 sed
84 2188 189 2273 periit,
212 2197 382 2273 postquam
397 2189 595 2255 Cerdonibus
618 2212 686 2253 esse
707 2187 871 2253 timendus

8 2299 175 2376 coeperat:
199 2293 261 2356 hoc
280 2293 391 2358 nocuit
412 2293 600 2359 Lamiarum
622 2293 718 2360 caede
740 2291 891 2356 madenti

507 2749 548 2825 V

6 2918 42 2983 Si
64 2928 97 2984 te
119 2921 273 3006 propositi
294 2922 440 2986 nondum
461 2922 562 3006 pudet
584 2931 682 3008 atque
705 2924 816 2989 eadem
839 2933 888 2990 est
909 2949 1009 3005 mens,

5 3030 44 3085 ut
65 3023 151 3086 bona
172 3046 299 3087 summa
320 3033 415 3109 putes
437 3025 543 3089 aliena
563 3026 670 3091 vivere
692 3028 831 3112 quadra:

6 3123 32 3186 si
53 3133 145 3208 potes
167 3126 224 3189 illa
245 3127 322 3211 pati,
346 3149 428 3212 quae
451 3149 510 3191 nec
532 3128 721 3193 Sarmentus
742 3131 868 3215 iniquas

7 3225 150 3292 Caesaris
173 3228 214 3293 ad
236 3251 362 3293 mensas
385 3252 445 3294 nee
466 3230 538 3294 vilis
561 3231 674 3296 Gabba
694 3233 829 3312 tulisset,

6 3331 152 3413 quamvis
173 3331 278 3396 iurato
299 3341 445 3397 metuam
467 3334 528 3397 tibi
550 3335 678 3402 credere
699 3338 783 3402 testi.

4 3441 118 3496 ventre
140 3433 222 3499 nihil
244 3435 319 3504 novi
341 3435 515 3520 frugalius3
537 3437 597 3502 hoc
618 3446 729 3503 tamen
750 3440 857 3525 ipsum

5 3536 155 3601 defecisse
177 3547 266 3622 puta,
290 3540 376 3624 quod
398 3541 488 3604 inani
510 3542 627 3607 suffieit
650 3541 738 3608 alvo:

4 3639 96 3702 nulla
117 3641 244 3724 crepido
265 3652 366 3720 vacat,
385 3665 544 3727 nusquam
566 3667 646 3729 pons
669 3655 702 3710 et
724 3646 841 3733 tegetis
862 3668 934 3732 pars

4 3741 138 3805 dimidia
159 3741 305 3810 breviort
327 3742 453 3808 tantine
475 3743 593 3814 iniuria
615 3750 751 3849 eenaetq

1173 3418 1178 3587 l
