2550 4266
121 165 168 253 4τὸ
631 152 674 241 X

121 333 305 397 morborum
328 354 421 396 omne
443 352 552 416 genus,
577 352 717 416 quorum
739 330 767 396 11
788 329 919 406 nomina
941 355 1112 419 quaeras„
1145 398 1148 403 .

121 437 300 523 promptius
324 436 500 521 expediam,
525 446 604 520 quot
627 437 784 501 amaverit
807 437 914 522 Oppia
934 440 1111 518 moechos,
1185 447 1240 511 ‚22

122 550 200 625 quot
223 540 394 603 Themison
417 561 526 623 aegros
550 547 706 602 autumno
729 538 974 616 occiderituno,

121 654 200 729 quot
222 645 347 708 Basilus
370 644 487 725 socios„
500 651 579 728 quot
601 643 882 728 circumscripserit
904 644 1022 708 Hirrus
1145 678 1148 686 v

121 749 268 834 pupillos,
292 756 371 832 quot
393 747 488 831 longa
510 747 593 810 viros
617 748 767 811 exorbeat
789 770 865 811 unov
1071 730 1075 737 ⁵

121 851 236 914 Maura
258 851 317 927 die,
342 858 420 935 quot
442 850 611 935 discipulos
634 851 767 914 inclinet
790 851 960 928 Hamillus

121 975 303 1038 percurram
326 954 427 1030 citius,
452 962 530 1038 quot
552 954 643 1017 villas
665 955 826 1039 possideat
847 977 942 1032 nunc,

122 1079 184 1141 quo
207 1057 361 1121 tondente
384 1058 489 1142 gravis
511 1057 621 1121 iuveni
643 1058 724 1121 mihi
746 1058 851 1124 barba,
868 1059 1010 1123 sonabat.

120 1159 175 1223 ille
197 1183 316 1237 umero,
339 1162 391 1224 hic
414 1161 540 1237 lumbis,
565 1162 617 1225 1110
640 1185 719 1226 coxa
741 1163 874 1241 debilis;
896 1163 1004 1226 ambos

121 1265 261 1348 perdidit
284 1266 338 1328 ille
362 1266 467 1329 oculos
490 1274 523 1329 et
545 1266 640 1329 luscis
661 1266 793 1343 invidet,
815 1266 911 1329 huius

120 1369 240 1453 pallida
261 1369 351 1432 labra
373 1370 479 1432 cibum
500 1369 662 1453 accipiunt
686 1370 794 1454 digitis
817 1369 937 1449 alienis,

120 1472 188 1556 ipse
209 1473 249 1536 ad
273 1481 478 1556 conspectum
502 1494 599 1536 cenae
625 1472 775 1536 diducere
798 1472 916 1536 rictum
1197 1483 1256 1551 230

121 1585 230 1640 suetus
254 1577 324 1640 hiat
348 1584 485 1651 tantum,
511 1597 569 1639 ceu
595 1576 702 1661 pullus
725 1575 915 1651 hirundinis,
939 1574 980 1639 ad
1002 1597 1104 1658 quem

121 1701 174 1743 ore
198 1680 284 1742 volat
310 1679 405 1764 pleno
430 1687 535 1741 mater
559 1678 677 1742 ieiuna.
720 1678 777 1745 sed
802 1677 889 1741 omni
939 1723 941 1726 ψ

119 1784 336 1847 membrorum
359 1783 476 1851 damno
500 1782 602 1846 maior
625 1781 796 1858 dementia,
821 1803 903 1866 quae
926 1804 985 1846 nec

119 1885 250 1949 nomina
271 1907 432 1948 servorum
455 1906 515 1949 nec
540 1885 668 1948 vultum
692 1884 834 1969 agnoscit
857 1884 960 1961 amici,

118 2012 193 2054 cum
217 2012 279 2074 quo
303 1988 477 2074 praeterita
501 1988 629 2053 cenavit
652 1997 754 2067 nocte,
780 2010 840 2055 1110
864 1987 943 2066 11101,
1194 2016 1214 2065 2
1219 2013 1256 2082 35

119 2116 198 2178 quos
221 2094 342 2177 genuit,
368 2115 447 2178 quos
471 2092 591 2157 eduxit.
636 2114 712 2155 nam
739 2090 845 2156 codice
871 2113 966 2155 saevo

118 2197 251 2260 heredes
274 2205 363 2260 vetat
390 2218 457 2260 esse
479 2217 560 2272 suos,
585 2196 762 2259 1101101010
786 2194 934 2259 feruntur

118 2296 159 2359 ad
182 2296 337 2376 Phialen3
362 2304 491 2360 tantum
514 2294 645 2358 artificis
666 2294 752 2358 valet
775 2293 894 2358 halitus
918 2291 987 2370 oris,
1054 2368 1055 2373 γ

118 2398 203 2483 quod
230 2406 363 2461 steterat
391 2398 503 2461 multis
527 2397 562 2460 in
584 2419 708 2462 carcere
727 2397 855 2463 fornicis
880 2396 980 2461 annis.
1070 2397 1073 2402 ’

117 2510 155 2566 ut
178 2501 308 2586 vigeant
331 2524 440 2566 sensus
464 2501 572 2577 animi,
598 2500 744 2566 ducenda
767 2508 878 2565 tamen
901 2507 978 2569 sunt
1189 2530 1255 2601 240

117 2606 229 2670 funera
251 2615 408 2683 natorum,
436 2629 530 2692 rogus
554 2605 754 2691 aspiciendus
780 2613 906 2669 amatae

117 2711 260 2795 coniugis
285 2719 318 2774 01
343 2711 450 2775 sratris
474 2712 652 2796 plenaeque
675 2710 834 2775 sororibus
857 2731 965 2773 urnae.

116 2813 195 2878 haec
221 2814 296 2878 data
318 2837 421 2899 poena
447 2815 503 2879 diu
526 2815 718 2890 viventibus,
745 2823 784 2879 ut
806 2821 960 2879 renovata

117 2939 242 3002 semper
265 2918 353 2981 clade
380 2919 492 2982 domus
515 2919 626 2983 multis
649 2919 685 2981 in
710 2919 849 2982 luctibus
873 2919 969 3003 inque

115 3030 271 3106 perpetuo
295 3045 438 3086 maerore
463 3030 496 3087 et
519 3023 611 3107 nigra
635 3029 724 3086 veste
751 3029 926 3086 senescant.
1185 3045 1252 3117 245

115 3147 172 3188 rex
199 3125 316 3210 Pylius,
344 3149 460 3211 magno
487 3126 513 3191 si
544 3126 721 3213 quidquam
747 3125 848 3189 credis
874 3124 1026 3201 Homero¹

116 3230 299 3314 exemplum
325 3231 410 3294 vitae
434 3231 497 3295 fuit
520 3254 540 3294 0
562 3231 685 3295 cornice
709 3227 874 3294 secundae.

115 3331 192 3394 selix
216 3332 378 3409 nimirum,
406 3333 462 3418 qui
487 3342 537 3397 tot
560 3357 618 3418 per
643 3333 770 3398 saecula
795 3338 932 3395 mortem

115 3434 240 3499 distulit
264 3445 361 3521 atque
387 3459 458 3502 suos
484 3438 549 3502 10111
575 3437 688 3502 dextra
713 3443 879 3522 computat
904 3455 1011 3513 0111101,

115 3538 234 3622 quique
257 3561 375 3602 novum
401 3540 520 3604 totiens
543 3548 688 3603 mustum
711 3539 803 3603 bibit.
848 3560 910 3614 ore,
935 3559 1110 3625 parumper
1180 3573 1200 3621 2
1207 3570 1249 3639 50

113 3643 270 3722 attendas,
295 3652 452 3728 quantum
477 3644 516 3709 de
539 3643 697 3729 legibus
688 3665 756 3728 rpse
780 3650 934 3728 queratur
1129 3682 1173 3723 ,ιγ

113 3745 252 3811 fatorum
275 3754 308 3812 et
329 3747 428 3814 nimio
451 3748 543 3815 det
513 3748 659 3827 stamine,
683 3769 757 3813 cum
778 3746 868 3812 videt
889 3745 969 3812 00111
