2550 4266
139 158 184 237 28
605 150 693 232 VII

136 346 303 424 attonitae,
326 362 437 410 currus
459 350 493 409 et
515 360 613 430 equos
634 332 805 428 faciesque*
818 330 952 408 deorum

136 449 276 535 aspicere
298 454 332 512 et
354 447 457 533 qualis
479 447 638 511 Rutulum
660 447 835 511 confundat
856 448 978 532 Erinys

135 574 212 616 nam
235 551 262 616 si
282 550 425 636 Vergilio
446 572 527 636 puer
548 557 582 614 et
604 550 769 614 tolerabile
789 546 895 612 desset

135 654 320 741 hospitium,
344 653 495 719 caderent
516 675 627 718 omnes
649 676 669 717 a
689 653 831 718 crinibus
852 652 954 738 hydri,

136 757 238 821 surda.
253 757 335 820 nihil
356 764 499 842 gemeret
520 779 616 842 grave
639 756 763 821 bucina
807 756 974 842 poscimus,
997 762 1038 820 ut
1060 754 1110 820 sit
1172 774 1175 781 ·

135 882 201 925 non
223 860 327 925 minor
348 860 482 946 antiquo
503 860 675 924 Rubrenus
697 860 808 946 lappa
829 859 992 936 cethuma,
1056 854 1059 858 ’

136 963 227 1026 cuius
250 972 283 1027 et
305 964 441 1027 alveolos
464 970 499 1028 et
519 963 648 1028 laenam
669 964 818 1049 pignerat
838 962 983 1026 Atreusl

136 1084 201 1127 non
223 1064 321 1128 habet
342 1065 454 1129 infelix
476 1065 630 1129 Numitor
651 1065 737 1150 quod
758 1065 869 1128 mittat
890 1063 1000 1138 amieo,

136 1164 313 1245 Quintillae
336 1167 421 1252 quod
443 1166 541 1231 donet
563 1166 671 1243 habet,
692 1189 752 1231 nec
774 1166 878 1231 defuit
900 1165 948 1229 illi

135 1267 222 1333 unde
244 1278 365 1334 emeret
385 1269 490 1334 multa
511 1271 707 1354 pascendum
728 1291 822 1334 carne
844 1269 969 1333 leonem

135 1369 201 1434 iam
223 1371 388 1439 domitum
434 1382 559 1438 constat
581 1374 691 1438 leviori
712 1374 809 1438 belua
829 1381 961 1457 sumptu

135 1473 297 1551 nimirum,
321 1484 355 1540 et
376 1475 508 1561 capiunt
529 1476 602 1562 plus
624 1477 779 1541 intestina
799 1485 921 1562 poetae.

134 1584 305 1641 contentus
326 1578 414 1642 fama
437 1577 540 1643 iaceat
562 1579 710 1645 Lucanus
732 1581 768 1644 in
788 1581 890 1645 hortis

134 1682 319 1747 marmoreis
331 1707 339 1763 ;
362 1689 398 1746 at
421 1681 556 1747 Serrano
578 1684 733 1769 tenuique
755 1684 861 1749 Saleio

133 1783 235 1869 gloria
257 1783 458 1868 quantalibet
480 1784 558 1870 quid
581 1785 652 1862 erit,
673 1786 700 1850 si
719 1786 821 1871 gloria
843 1793 972 1850 tantum
984 1825 988 1833 ·
1001 1789 1079 1851 estl

134 1887 273 1952 curritur
295 1888 337 1952 ad
362 1911 473 1954 vocem
496 1890 669 1956 iucundam
695 1899 729 1955 et
754 1912 883 1955 carmen
906 1889 1027 1956 amicae
1083 1907 1084 1910 ’

133 1990 320 2071 Thebaidos,
344 1994 464 2058 laetam
487 2016 561 2058 cum
590 1993 667 2058 fecit
690 1994 814 2060 Statius
839 1995 953 2059 urbem
1105 1986 1108 1992 ’

133 2095 344 2180 promisitque
366 2095 470 2162 diem:
494 2105 588 2162 tanta
611 2097 782 2162 dulcedine
808 2105 918 2183 captos

133 2195 244 2262 adficit
265 2197 320 2263 ille
342 2198 473 2275 animos,
496 2208 653 2284 tantaque
675 2199 808 2264 libidine
833 2199 918 2284 volgi

133 2301 284 2383 auditur;
306 2302 362 2367 sed
385 2325 459 2368 cnm
480 2304 577 2388 fregit
599 2303 751 2369 subsellia
771 2325 873 2382 versu,

133 2406 241 2486 esurit,
268 2407 424 2472 intactam
447 2407 556 2472 Paridi
579 2407 643 2472 nisi
671 2409 784 2473 vendit
807 2409 949 2493 Agaven.

136 2507 191 2574 ille
214 2516 248 2574 et
270 2509 406 2575 militiae
431 2510 544 2574 multis
572 2509 707 2594 largitus
732 2510 885 2575 honorem

133 2611 301 2675 semenstri
324 2611 441 2696 digitos
466 2619 579 2676 vatum
598 2611 798 2696 circumligat
817 2633 902 2675 auro.

133 2712 218 2798 quod
241 2736 307 2778 non
333 2713 411 2778 dant
436 2736 589 2799 proceres,
616 2714 705 2778 dabit
728 2714 849 2778 histrio.
896 2722 934 2778 tu
960 2712 1147 2779 Camerinos
1189 2735 1224 2802 90

133 2825 167 2882 et
188 2816 333 2896 Baream,
359 2825 398 2881 tu
426 2818 583 2883 nobilium
609 2840 727 2902 magna
748 2817 832 2881 atria
859 2821 975 2882 curasl

132 2920 308 3003 praefectos
337 2919 476 3007 Pelopea
504 2921 589 3000 facit,
614 2920 793 2986 Philomela
818 2922 971 2986 tribunos

132 3022 214 3087 haut
242 3031 353 3087 tamen
380 3023 525 3088 invideas
546 3023 622 3102 vati,
648 3045 745 3109 quem
774 3024 903 3109 pulpita
930 3032 1074 3108 pascunt

133 3124 205 3207 quis
228 3124 289 3188 tibi
318 3125 496 3202 Maecenas,
521 3126 593 3210 quis
622 3148 708 3190 nunc
732 3127 794 3191 erit
822 3135 881 3190 aut
910 3125 1095 3191 Proculeius

46 3256 58 3275 ·
133 3237 191 3291 aut
220 3227 349 3306 Fabius,
373 3228 445 3314 quis
475 3227 572 3293 Cotta
594 3229 722 3308 itemm‚
749 3229 821 3315 quis
846 3228 1004 3292 Lentulus
1027 3227 1135 3295 alteri
1189 3247 1225 3317 95
1267 3240 1269 3271 ¹

132 3339 211 3395 tunc
236 3352 295 3415 par
323 3330 452 3416 ingenio
480 3332 630 3417 pretium,
655 3340 733 3397 tunc
758 3332 839 3397 utile
863 3330 975 3396 multis

133 3434 252 3519 pallere
281 3443 316 3499 et
341 3433 453 3498 vinum
476 3442 546 3499 toto
571 3435 693 3500 nescire
723 3434 903 3500 Decembri

218 3536 335 3602 Vester
361 3559 455 3623 porro
483 3537 573 3601 labor
601 3538 774 3617 fecundior,
804 3536 1012 3602 historiarum

134 3641 322 3725 scriptoresl
358 3641 443 3726 petit
471 3640 523 3704 hic
551 3641 625 3727 plus
653 3642 808 3728 temporis
836 3650 935 3726 atque
962 3640 1024 3705 olei
1051 3640 1133 3724 plus

133 3745 222 3809 nullo
247 3744 367 3831 quippe
395 3744 490 3811 modo
519 3745 714 3812 millensima
737 3747 857 3832 pagina
886 3745 989 3830 surgit
1195 3766 1248 3817 100
