2550 4266
147 192 199 279 ¹58
559 234 560 238 a
643 178 710 257 XI

150 361 262 426 umida
283 357 438 444 suspectis
459 357 600 424 referens
621 355 768 424 multicia
789 355 878 444 rugis

149 475 344 551 vexatasque
366 487 472 529 comas
494 473 528 529 ct
548 464 676 529 vultum
698 485 873 549 auremque
894 462 1061 530 calentem.

149 571 296 656 protinus
318 577 404 633 ante.
416 590 527 633 meum
548 566 706 654 quidquid
728 567 815 631 dolet
837 589 919 631 exue
940 567 1049 645 limen,
1220 579 1233 636 1
1258 586 1268 631 ι’,

149 697 233 760 pone
255 675 387 741 domum
409 681 443 737 et
465 694 570 737 servos
593 680 626 736 et
648 669 806 756 quidquid
827 670 987 754 frangitur
1007 669 1072 734 illis

149 787 207 844 aut
228 778 322 863 perit,
345 777 487 861 ingratos
509 783 586 839 ante
608 774 717 838 omnia
738 795 821 859 pone
843 772 974 839 sodales.

149 880 274 944 interea
294 879 523 964 Megalesiacae
545 877 725 963 spectacula
747 898 883 962 mappae

149 983 284 1047 Idaeum
306 984 458 1048 sollemne
480 981 599 1059 colunt,
621 980 798 1066 similisque
819 979 984 1065 triumpho

148 1087 268 1172 praeda
288 1088 482 1153 caballorum
503 1095 631 1172 praetor
652 1084 744 1151 sedet
766 1107 811 1163 ac,
833 1085 914 1148 mihi
933 1106 1013 1170 pace

148 1190 324 1256 immensae
345 1190 528 1277 nimiaeque
550 1191 625 1255 licet
647 1190 675 1254 si
697 1188 801 1253 dicere
822 1189 933 1273 plebis,

147 1301 251 1357 totam
272 1293 367 1359 hodie
390 1294 527 1358 Romam
549 1293 651 1358 circus
674 1292 760 1377 capit
782 1299 816 1356 et
837 1291 942 1376 fragor
963 1307 1077 1355 aurem

147 1398 295 1482 percutit,
319 1406 472 1462 eventum
493 1397 604 1462 viridis
627 1420 690 1483 quo
712 1396 826 1480 colligo
847 1395 955 1481 panni.

147 1523 225 1565 nam
246 1502 274 1565 si
295 1502 453 1580 deficeret,
476 1511 634 1568 maestam
655 1503 892 1587 attonitamque
914 1500 1038 1566 videres

147 1606 231 1670 hanc
252 1607 374 1685 urbem,
397 1607 500 1672 veluti
521 1608 706 1674 Cannarum
728 1607 763 1672 in
784 1607 917 1692 pulvere
938 1606 1032 1671 victis
1220 1623 1259 1672 20

147 1710 338 1776 consulibus.
381 1719 527 1796 spectent
548 1711 689 1788 iuvenes,
713 1734 793 1798 quos
815 1712 934 1776 clamor
955 1720 989 1777 et
1011 1709 1118 1775 audax

147 1815 282 1898 sponsio,
306 1837 386 1901 quos
408 1815 513 1880 cultae
536 1814 629 1881 decet
650 1815 810 1880 adsedisse
831 1814 976 1899 puellae3

146 1925 256 1982 nostra
276 1918 368 1985 bibat
388 1935 525 1984 vernum
547 1929 709 1984 contracta
730 1920 870 1984 cuticula
891 1919 990 1984 solem

146 2023 344 2110 effugiatque
365 2032 482 2110 togam.
525 2025 590 2090 iam
612 2045 699 2090 nunc
720 2025 756 2090 in
777 2026 893 2090 balnea
914 2025 1003 2090 salva

146 2127 251 2192 fronte
272 2127 347 2193 licet
368 2128 473 2205 vadas,
496 2146 693 2214 quamquam
714 2127 815 2192 solida
837 2127 915 2192 hora
936 2127 1073 2213 supersit
1212 2156 1275 2207 *20-

146 2229 187 2294 ad
210 2239 344 2296 sextam.
389 2231 492 2296 facere
514 2231 574 2296 hoc
595 2250 661 2296 non
682 2232 783 2317 possis
805 2233 949 2318 quinque
971 2233 1085 2298 diebus

145 2335 314 2414 continuis,
336 2333 413 2421 quia
434 2345 510 2402 sunt
531 2336 606 2402 telis
628 2360 755 2424 quoque
777 2339 885 2403 taedia
905 2340 992 2404 vitae

146 2460 264 2523 magna
270 2462 279 2521 3
300 2439 482 2525 voluptates
504 2441 708 2507 commendat
730 2442 830 2506 rarior
850 2464 935 2508 usuc.

625 2769 715 2844 XII

145 2943 264 3025 Natali,
289 2939 434 3022 Corvino,
459 2943 511 3010 die
534 2940 616 3010 mihi
639 2946 762 3011 dulcior
783 2945 862 3015 haec
888 2949 952 3033 lux,

146 3073 211 3136 qua
228 3050 328 3114 festus
353 3048 509 3135 promissa
531 3049 600 3113 deis
622 3049 776 3115 animalia
798 3074 907 3138 cespes

146 3160 301 3238 expectat.
355 3152 483 3216 niveam
506 3152 635 3237 reginae
661 3152 808 3219 ducimus
831 3173 956 3241 agnam,

145 3279 203 3342 par
225 3257 329 3322 vellus
355 3254 485 3319 dabitur
508 3255 668 3340 pugnanti
694 3256 841 3343 Gorgone
867 3260 990 3338 Maura,

146 3359 202 3423 sed
224 3352 335 3445 procul
358 3368 528 3423 extensum
550 3359 701 3443 petulans
725 3362 832 3446 quatit
855 3363 961 3429 hostia
984 3365 1096 3431 funem
1211 3387 1230 3459 5

145 3462 281 3548 Tarpeio
305 3469 431 3526 servata
453 3459 524 3525 Iovi
547 3461 751 3550 frontemque
777 3475 928 3544 coruscat,

142 3564 265 3650 quippe
290 3565 378 3630 ferox
403 3564 534 3640 vitulus,
560 3566 691 3650 templis
716 3577 865 3635 maturus
889 3580 923 3637 et
946 3594 1020 3637 arae

145 3669 404 3754 spargendusque
425 3690 522 3745 mero,
550 3690 646 3753 quem
669 3670 735 3735 iam
757 3673 859 3757 pudet
882 3676 983 3743 ubera
1007 3677 1120 3744 matris

145 3773 269 3855 ducere,
293 3776 470 3865 quiverat
494 3774 640 3841 nascenti
662 3775 775 3844 robora
800 3797 907 3848 cornu.
