2602 4282
625 187 736 285 vm
1151 220 1201 310 41

123 365 279 452 prodita
300 364 639 450 laxabant'portarum
661 366 799 432 claustra
822 370 968 453 tyrannis
999 411 1005 423 -·
1049 393 1052 401 ·

127 467 454 533 exulibusiuvenos
475 468 576 553 ipsius
598 470 735 534 consulis
757 480 790 535 et
813 494 892 556 quos

126 594 306 655 magnum
328 570 449 655 aliquid
471 572 571 636 dubia
592 595 649 658 pro
670 574 820 640 libertate
843 576 977 655 deceret,

129 673 238 758 quod
260 672 430 738 miraretur
451 697 525 738 cum
548 674 668 740 Coclite
690 676 817 740 Mucius
839 686 872 742 et
895 700 977 764 quae

84 790 110 858 5
132 775 280 860 imperii
302 776 382 840 fines
403 777 591 842 Tiberinum
612 779 700 864 virgo
723 780 855 845 natavit.

132 879 277 944 occulta
302 880 343 942 ad
368 888 475 965 patres
500 881 652 966 produxit
672 881 805 945 crimina
828 905 946 961 servus,

131 983 305 1046 matronis
330 983 508 1068 lugendus;
530 992 564 1049 at
586 985 657 1049 illos
679 985 812 1049 verbera
833 986 926 1051 iustis
964 1010 967 1016 ·

130 1086 305 1151 adficiunt
327 1088 436 1173 poenis
463 1098 500 1157 et,
520 1089 630 1173 legum
655 1089 760 1174 prima
784 1089 909 1155 securis.
1180 1154 1182 1162 ,

185 1190 280 1254 Malo
302 1200 394 1275 pater
415 1192 476 1256 tibi
499 1192 541 1256 sit
563 1194 732 1270 Thersites,
756 1193 929 1257 dummodo
951 1200 989 1258 tu
1012 1192 1055 1257 sis
1089 1244 1091 1249 2
1177 1257 1179 1261 ,

82 1312 108 1360 0
127 1291 308 1355 Aeacidae
329 1293 443 1358 similis
464 1295 686 1380 Vulcaniaque
707 1318 796 1365 arma
819 1318 970 1380 capessas,

129 1419 246 1481 quarn
268 1404 301 1461 te
323 1397 489 1463 Thersitae
511 1400 650 1463 similem
672 1401 826 1486 producat
847 1400 996 1466 Achilles.

128 1510 171 1565 et
197 1508 313 1564 tamen
335 1509 372 1566 ut
394 1501 488 1586 longe
510 1512 637 1587 repetas
659 1504 816 1589 longeque
839 1504 982 1567 revolvas

127 1625 273 1679 nomen,
295 1604 336 1667 ab
358 1603 472 1668 infami
492 1614 622 1689 gentem
645 1606 775 1671 deducis
797 1607 900 1691 asylo:

129 1705 450 1789 maiorumprimus
472 1707 616 1791 quisquis
638 1708 701 1771 fuit
724 1708 777 1771 ille
800 1717 938 1784 tuorum,
1009 1728 1012 1732 ·

83 1818 108 1886 5
129 1815 201 1872 aut
225 1815 333 1892 pastor
354 1807 416 1874 fuit
438 1818 496 1874 aut
517 1810 598 1874 illud
620 1811 706 1895 quod
728 1811 832 1876 dicere
854 1811 935 1878 nolo.

484 2068 609 2134 arnna
643 2065 838 2130 ousnros.

650 2251 692 2327 X

130 2441 302 2510 Omnibus
323 2439 359 2504 in
380 2437 481 2517 terris,
505 2454 588 2523 quae
611 2445 687 2501 sunt
709 2459 729 2500 a
751 2437 894 2502 Gadibus
918 2460 1021 2526 usque

129 2548 301 2611 Auroram
323 2551 357 2607 et
379 2542 520 2625 Gangen,
543 2540 638 2625 pauci
659 2539 821 2604 dinoscere
844 2550 977 2625 possunt
1101 2564 1103 2568 ’
1166 2597 1169 2607 ,

131 2669 220 2712 vera
241 2646 325 2709 bona
346 2654 444 2730 atque
469 2644 532 2707 illis
555 2642 695 2707 multum
718 2643 849 2720 diversa,
872 2655 997 2711 remota

131 2749 256 2816 erroris
277 2749 401 2812 nebula
446 2745 525 2831 quid
548 2747 635 2810 enim
656 2747 781 2812 ratione
803 2748 955 2814 timemus

83 2867 110 2938 5
131 2862 199 2919 aut
222 2853 391 2938 cupimus?
413 2851 491 2936 quid
513 2859 582 2915 tam
604 2850 716 2915 dextro
738 2851 821 2936 pede
844 2854 991 2940 concipis,
1014 2860 1051 2918 ut
1072 2859 1104 2918 te

130 2965 273 3023 conatus
294 2958 360 3018 non
382 2954 547 3039 paeniteat
569 2954 701 3038 votique
724 2955 868 3038 peracti?

130 3067 284 3126 evertere
306 3057 415 3122 domos
437 3066 523 3121 totas
546 3057 731 3142 optantibus
753 3058 830 3144 ipsis

130 3165 169 3229 di
195 3161 324 3239 faciles3
346 3161 493 3225 nocitura
514 3168 598 3245 toga,
622 3160 768 3224 nocitura
789 3169 947 3247 petuntur

128 3264 279 3343 militia3
300 3273 423 3328 torrens
445 3263 573 3327 dicendi
595 3264 685 3349 copia
707 3264 818 3329 multis

84 3394 111 3443 o
128 3381 168 3437 et
194 3391 254 3434 sua
274 3369 439 3433 mortifera
462 3377 510 3431 est
533 3367 690 3443 facundia,
713 3368 835 3433 viribus
857 3368 912 3433 ille

127 3473 275 3541 confisus
297 3472 393 3558 periit
415 3471 676 3557 admirandisque
699 3471 833 3537 lacertis.

126 3575 193 3644 sed
214 3575 324 3660 plures
345 3574 446 3638 nimia
472 3583 623 3658 congesta
643 3575 780 3659 pecunia
802 3598 878 3639 cura

126 3678 318 3764 strangulat
340 3687 373 3742 et
395 3686 510 3742 cuncta
533 3699 710 3763 exuperans
731 3678 926 3763 patrimonia
947 3700 1066 3755 census,
1153 3704 1155 3709 ·

126 3792 261 3872 quanto
285 3782 446 3869 delphinis
467 3783 615 3848 ballaena
636 3782 823 3851 Britannica
844 3783 954 3850 maior.
