2550 4266
54 376 309 455 Italiam—non
330 383 376 448 sic
396 382 498 470 igitur
518 383 677 450 mirabere
697 395 809 470 portus

10 544 17 559 ,
54 507 147 570 quos
168 494 286 550 natura
307 487 507 564 dedit—sed
529 495 644 552 tmnca
665 510 775 574 puppe
797 491 951 576 magister

11 610 38 660 ο
54 589 219 653 interiora
240 591 323 675 petit
345 591 487 657 Baianae
508 591 621 677 pervia
643 594 777 659 cumbae

47 691 130 755 <cuti
154 698 268 777 stagna
290 694 397 773 sinus,
410 694 553 782 gaudent
576 695 632 760 ubi
653 697 772 763 vertice
794 721 864 764 raso

53 795 200 878 garrula·
214 797 316 861 securi
338 819 467 862 narrare
488 798 632 883 pericula
653 808 783 866 nautae.

105 897 160 962 Ite
181 898 288 983 igitur,
312 901 413 984 pueri,
437 902 620 987 linguisque
643 902 990 988 animisque'saveutes

57 1009 213 1086 sertaque
234 1002 376 1068 delubris
389 1009 432 1068 'et
454 1005 540 1069 farra
561 1005 708 1089 inponite
731 1008 840 1072 cultris

16 1124 39 1193 5
58 1127 99 1167 ac
122 1104 227 1168 mollis
250 1115 364 1171 ornate'
382 1108 467 1172 focos
488 1109 680 1194 glebamque
702 1110 861 1175 virentem
873 1115 895 1184 l¹

58 1209 131 1273 iam
152 1231 267 1295 sequar
289 1219 322 1276 et
344 1233 439 1289 sacro,
463 1211 548 1298 quod
570 1220 721 1297 praestat,
744 1215 806 1278 rite
828 1223 957 1299 peracto

58 1311 140 1375 inde
163 1310 294 1376 domum
316 1320 470 1398 repetam,
492 1314 625 1397 graciles
648 1314 705 1377 ubi
726 1336 826 1399 parva
848 1338 978 1380 coronas

59 1415 226 1500 accipiunt
247 1416 352 1501 fragili
373 1417 544 1480 simulacra
564 1417 703 1481 nitentia
725 1439 804 1483 cera
904 1428 907 1435 '

59 1518 117 1582 hic
130 1527 276 1584 nostrum
296 1520 430 1604 placabo
453 1520 564 1584 Iovem
587 1521 787 1607 Laribusque
808 1523 953 1607 paternis

10 1649 45 1700 ,ο
58 1629 136 1685 tura
158 1621 359 1708 debeatque
382 1622 485 1686 omnis
506 1623 610 1687 violae
634 1623 759 1687 iactabo
782 1625 909 1689 colores

53 1734 178 1790 ¹cuncta
199 1725 314 1803 nitent,
337 1725 447 1810 longos
470 1727 573 1790 erexit
594 1727 692 1790 ianua
713 1749 818 1792 ramos
885 1755 886 1760 ¹

59 1839 96 1894 et
117 1829 287 1894 matutinis
309 1838 458 1915 operatur
480 1830 563 1894 festa
584 1830 731 1895 lucernis.

107 1934 178 1999 Nec
200 1944 347 2020 suspecta
368 1935 430 1999 tibi
452 1935 517 1999 sint
539 1935 627 2012 haec,
651 1935 795 2001 Corvine.
842 1935 997 2015 Catullus,
1087 1939 1089 1943 ’

40 2061 120 2124 ‘pro
142 2038 233 2102 cuius
254 2037 362 2102 reditu
384 2045 434 2102 tot
455 2059 539 2122 pono
563 2038 687 2113 altaria,
711 2060 826 2123 palues

10 2164 18 2224 q
24 2159 45 2228 5
58 2154 127 2207 tres
149 2142 247 2206 habet
268 2141 409 2206 heredes.
453 2141 534 2206 libet
558 2149 735 2225 expectare,
759 2142 831 2225 quis
854 2164 983 2226 aegram

58 2254 96 2309 et
117 2243 321 2309 claudentem
343 2243 449 2308 oculos
470 2243 625 2328 gallinam
647 2243 804 2327 inpendat
828 2244 929 2307 amico

57 2356 130 2411 tam
151 2347 409 2410 sterili—verum
431 2346 510 2409 haec
533 2345 635 2409 nimia
657 2346 870 2430 estimpensa,
894 2347 1042 2410 cotumix

57 2448 151 2515 nulla
172 2452 328 2534 umquam
349 2471 406 2534 pro
427 2455 519 2533 patre
542 2448 641 2513 cadet.
686 2450 804 2513 sentire
828 2449 965 2513 calorem

60 2554 90 2619 si
104 2554 217 2638 coepit
238 2553 377 2638 locuples
400 2552 535 2616 Gallitta
557 2560 590 2616 et
612 2553 726 2617 Pacius
748 2553 825 2630 orbi,

10 2673 46 2722 >0
60 2658 207 2742 legitime
228 2656 302 2721 fixis
322 2656 460 2720 vestitur
482 2664 552 2720 tota
574 2656 691 2720 libellis

59 2761 210 2848 porticus,
234 2760 378 2824 existunt
400 2760 457 2844 qui
477 2760 670 2844 promittant
691 2759 912 2838 hecatomben,

60 2872 221 2950 quatenus
243 2864 382 2928 hicnon
404 2871 480 2927 sunt
502 2885 561 2927 nec
583 2864 712 2927 venales
735 2862 908 2946 elephanti,

59 2991 120 3033 nec
142 2967 235 3035 Latio
257 2976 315 3031 aut
337 2989 474 3051 usquam
496 2968 556 3031 sub
578 2976 685 3031 nostro
709 2965 811 3030 sidere
834 2965 909 3029 talis

59 3072 157 3137 belua
179 3071 364 3156 concipitur,
388 3071 444 3135 sed
466 3070 558 3135 furva
579 3079 675 3155 gente
697 3069 802 3155 petita

10 3188 45 3258 >5
60 3173 227 3239 arboribus
250 3174 380 3238 Rutulis
403 3182 436 3238 et
458 3174 559 3238 Turni
580 3173 721 3259 pascitur
743 3193 826 3257 agre,

46 3279 205 3348 2Caesaris
227 3284 419 3353 armentum,
442 3277 525 3340 nulli
547 3276 664 3341 servire
686 3283 837 3360 paratum

60 3382 196 3468 privato,
219 3381 379 3466 siquidem
400 3381 495 3466 Tyrio
517 3402 628 3465 parere
650 3378 796 3443 solebant

61 3485 241 3551 Hannibali
264 3494 297 3551 et
318 3484 434 3549 nostris
457 3484 591 3547 ducibus
613 3482 745 3566 regique
767 3479 905 3544 Molosso

60 3590 177 3654 horum
199 3588 333 3653 maiores
356 3610 392 3652 ac
414 3588 506 3652 dorso
528 3586 610 3649 ferre
632 3585 775 3649 cohortes

10 3724 46 3777 [ο
60 3700 188 3780 partem
210 3693 352 3779 aliquam
372 3692 458 3768 belli,
482 3700 515 3756 et
538 3698 670 3754 euntem
692 3689 726 3752 in
747 3686 869 3773 proelia
890 3693 1023 3750 turrem.

12 3823 16 3829 ·
43 3797 152 3862 ‘nulla
172 3795 273 3882 igitur
293 3817 384 3861 mora
404 3818 462 3882 per
483 3793 635 3871 Novium,
657 3814 746 3856 mora
768 3789 857 3853 nulla
878 3810 937 3874 per
959 3788 1109 3850 Histrum
