<?xml version="1.0" encoding="UTF-8"?>
<!DOCTYPE html PUBLIC "-//W3C//DTD XHTML 1.0 Transitional//EN"
    "http://www.w3.org/TR/xhtml1/DTD/xhtml1-transitional.dtd">
<html xmlns="http://www.w3.org/1999/xhtml" xml:lang="en" lang="en">
 <head>
  <title>
</title>
<meta http-equiv="Content-Type" content="text/html;charset=utf-8" />
  <meta name='ocr-system' content='tesseract 3.04.00' />
  <meta name='ocr-capabilities' content='ocr_page ocr_carea ocr_par ocr_line ocrx_word'/>
</head>
<body>
  <div class='ocr_page' id='page_1' title='image "./thirteensatires00juvegoog_0030.png"; bbox 0 0 2602 4282; ppageno 0'>
   <div class='ocr_carea' id='block_1_1' title="bbox 670 182 734 258">
    <p class='ocr_par' dir='ltr' id='par_1_1' title="bbox 670 182 734 258">
     <span class='ocr_line' id='line_1_1' title="bbox 670 182 734 258; baseline 0.031 -2"><span class='ocrx_word' id='word_1_1' title='bbox 670 182 734 258; x_wconf 85' lang='lat' dir='ltr'>IV</span> 
     </span>
    </p>
   </div>
   <div class='ocr_carea' id='block_1_2' title="bbox 82 366 1222 3945">
    <p class='ocr_par' dir='ltr' id='par_1_2' title="bbox 82 366 1222 3945">
     <span class='ocr_line' id='line_1_2' title="bbox 163 366 1010 455; baseline -0.007 -15"><span class='ocrx_word' id='word_1_2' title='bbox 163 381 316 440; x_wconf 86' lang='lat' dir='ltr'>venator.</span> <span class='ocrx_word' id='word_1_3' title='bbox 360 369 431 455; x_wconf 87' lang='lat' dir='ltr'>quis</span> <span class='ocrx_word' id='word_1_4' title='bbox 454 368 541 432; x_wconf 85' lang='lat' dir='ltr'>enim</span> <span class='ocrx_word' id='word_1_5' title='bbox 563 366 628 430; x_wconf 88' lang='lat' dir='ltr'>iam</span> <span class='ocrx_word' id='word_1_6' title='bbox 649 389 715 431; x_wconf 90' lang='lat' dir='ltr'>non</span> <span class='ocrx_word' id='word_1_7' title='bbox 736 367 904 453; x_wconf 86' lang='lat' dir='ltr'>intellegat</span> <span class='ocrx_word' id='word_1_8' title='bbox 926 377 1010 434; x_wconf 88' lang='lat' dir='ltr'>artes</span> 
     </span>
     <span class='ocr_line' id='line_1_3' title="bbox 165 469 1027 559; baseline -0.005 -21"><span class='ocrx_word' id='word_1_9' title='bbox 165 474 347 559; x_wconf 68' lang='lat' dir='ltr'>patricias?</span> <span class='ocrx_word' id='word_1_10' title='bbox 369 472 440 556; x_wconf 92' lang='lat' dir='ltr'>quis</span> <span class='ocrx_word' id='word_1_11' title='bbox 462 470 602 556; x_wconf 89' lang='lat' dir='ltr'>priscum</span> <span class='ocrx_word' id='word_1_12' title='bbox 624 469 704 534; x_wconf 89' lang='lat' dir='ltr'>illud</span> <span class='ocrx_word' id='word_1_13' title='bbox 725 470 862 534; x_wconf 90' lang='lat' dir='ltr'>miratur</span> <span class='ocrx_word' id='word_1_14' title='bbox 883 493 1027 546; x_wconf 84' lang='lat' dir='ltr'>acumen,</span> 
     </span>
     <span class='ocr_line' id='line_1_4' title="bbox 167 567 1035 662; baseline -0.001 -21"><span class='ocrx_word' id='word_1_15' title='bbox 167 578 285 655; x_wconf 82' lang='lat' dir='ltr'>Brute,</span> <span class='ocrx_word' id='word_1_16' title='bbox 308 567 538 640; x_wconf 73' lang='lat' dir='ltr'>tuumtfacile</span> <span class='ocrx_word' id='word_1_17' title='bbox 561 582 609 639; x_wconf 89' lang='lat' dir='ltr'>est</span> <span class='ocrx_word' id='word_1_18' title='bbox 631 573 764 638; x_wconf 87' lang='lat' dir='ltr'>barbato</span> <span class='ocrx_word' id='word_1_19' title='bbox 787 575 939 660; x_wconf 86' lang='lat' dir='ltr'>inponere</span> <span class='ocrx_word' id='word_1_20' title='bbox 961 575 1035 662; x_wconf 84' lang='lat' dir='ltr'>regi.</span> 
     </span>
     <span class='ocr_line' id='line_1_5' title="bbox 167 677 932 762; baseline 0 -18"><span class='ocrx_word' id='word_1_21' title='bbox 167 703 234 744; x_wconf 92' lang='lat' dir='ltr'>nec</span> <span class='ocrx_word' id='word_1_22' title='bbox 256 679 369 743; x_wconf 90' lang='lat' dir='ltr'>melior</span> <span class='ocrx_word' id='word_1_23' title='bbox 390 679 491 754; x_wconf 88' lang='lat' dir='ltr'>vultu,</span> <span class='ocrx_word' id='word_1_24' title='bbox 516 677 662 762; x_wconf 89' lang='lat' dir='ltr'>quamvis</span> <span class='ocrx_word' id='word_1_25' title='bbox 683 677 840 762; x_wconf 87' lang='lat' dir='ltr'>ignobilis,</span> <span class='ocrx_word' id='word_1_26' title='bbox 864 679 932 744; x_wconf 89' lang='lat' dir='ltr'>ibat</span> 
     </span>
     <span class='ocr_line' id='line_1_6' title="bbox 82 780 1030 866; baseline 0.004 -22"><span class='ocrx_word' id='word_1_27' title='bbox 82 797 151 864; x_wconf 82' lang='lat'>105</span> <span class='ocrx_word' id='word_1_28' title='bbox 168 781 326 858; x_wconf 84' lang='lat' dir='ltr'>Rubrius,</span> <span class='ocrx_word' id='word_1_29' title='bbox 350 781 489 845; x_wconf 88' lang='lat' dir='ltr'>offensae</span> <span class='ocrx_word' id='word_1_30' title='bbox 512 780 629 844; x_wconf 87' lang='lat' dir='ltr'>veteris</span> <span class='ocrx_word' id='word_1_31' title='bbox 650 803 724 844; x_wconf 88' lang='lat' dir='ltr'>reus</span> <span class='ocrx_word' id='word_1_32' title='bbox 747 789 844 866; x_wconf 89' lang='lat' dir='ltr'>atque</span> <span class='ocrx_word' id='word_1_33' title='bbox 866 783 1030 861; x_wconf 82' lang='lat' dir='ltr'>tacendae,</span> 
     </span>
     <span class='ocr_line' id='line_1_7' title="bbox 169 883 1021 968; baseline 0.004 -20"><span class='ocrx_word' id='word_1_34' title='bbox 169 892 206 948; x_wconf 91' lang='lat' dir='ltr'>et</span> <span class='ocrx_word' id='word_1_35' title='bbox 230 890 342 947; x_wconf 86' lang='lat' dir='ltr'>tamen</span> <span class='ocrx_word' id='word_1_36' title='bbox 364 883 527 968; x_wconf 88' lang='lat' dir='ltr'>inprobior</span> <span class='ocrx_word' id='word_1_37' title='bbox 544 890 687 948; x_wconf 81' lang='lat' dir='ltr'>satruam</span> <span class='ocrx_word' id='word_1_38' title='bbox 703 884 860 949; x_wconf 81' lang='lat' dir='ltr'>scribente</span> <span class='ocrx_word' id='word_1_39' title='bbox 882 885 1021 951; x_wconf 88' lang='lat' dir='ltr'>cinaedo.</span> 
     </span>
     <span class='ocr_line' id='line_1_8' title="bbox 169 986 1051 1071; baseline 0.006 -22"><span class='ocrx_word' id='word_1_40' title='bbox 169 986 323 1050; x_wconf 80' lang='lat' dir='ltr'>Montani</span> <span class='ocrx_word' id='word_1_41' title='bbox 345 1007 472 1071; x_wconf 88' lang='lat' dir='ltr'>quoquc</span> <span class='ocrx_word' id='word_1_42' title='bbox 493 995 607 1050; x_wconf 85' lang='lat' dir='ltr'>venter</span> <span class='ocrx_word' id='word_1_43' title='bbox 628 989 719 1051; x_wconf 89' lang='lat' dir='ltr'>adest</span> <span class='ocrx_word' id='word_1_44' title='bbox 741 987 911 1054; x_wconf 85' lang='lat' dir='ltr'>abdomine</span> <span class='ocrx_word' id='word_1_45' title='bbox 932 991 1051 1067; x_wconf 88' lang='lat' dir='ltr'>tardus,</span> 
     </span>
     <span class='ocr_line' id='line_1_9' title="bbox 169 1089 875 1181; baseline 0.003 -27"><span class='ocrx_word' id='word_1_46' title='bbox 169 1099 205 1154; x_wconf 88' lang='lat' dir='ltr'>et</span> <span class='ocrx_word' id='word_1_47' title='bbox 230 1089 391 1153; x_wconf 83' lang='lat' dir='ltr'>matutino</span> <span class='ocrx_word' id='word_1_48' title='bbox 413 1090 530 1154; x_wconf 87' lang='lat' dir='ltr'>sudans</span> <span class='ocrx_word' id='word_1_49' title='bbox 553 1089 718 1181; x_wconf 74' lang='lat' dir='ltr'>Crispinus</span> <span class='ocrx_word' id='word_1_50' title='bbox 740 1114 875 1170; x_wconf 90' lang='lat' dir='ltr'>amomo,</span> 
     </span>
     <span class='ocr_line' id='line_1_10' title="bbox 170 1190 1042 1279; baseline 0.003 -22"><span class='ocrx_word' id='word_1_51' title='bbox 170 1202 337 1279; x_wconf 91' lang='lat' dir='ltr'>quantum</span> <span class='ocrx_word' id='word_1_52' title='bbox 358 1193 413 1257; x_wconf 87' lang='lat' dir='ltr'>vix</span> <span class='ocrx_word' id='word_1_53' title='bbox 435 1193 579 1258; x_wconf 77' lang='lat' dir='ltr'>redolent</span> <span class='ocrx_word' id='word_1_54' title='bbox 602 1193 665 1259; x_wconf 91' lang='lat' dir='ltr'>duo</span> <span class='ocrx_word' id='word_1_55' title='bbox 687 1190 819 1275; x_wconf 81' lang='lat' dir='ltr'>funera3</span> <span class='ocrx_word' id='word_1_56' title='bbox 842 1196 965 1261; x_wconf 86' lang='lat' dir='ltr'>saevior</span> <span class='ocrx_word' id='word_1_57' title='bbox 988 1196 1042 1260; x_wconf 90' lang='lat' dir='ltr'>illc</span> 
     </span>
     <span class='ocr_line' id='line_1_11' title="bbox 82 1296 912 1382; baseline 0.001 -21"><span class='ocrx_word' id='word_1_58' title='bbox 82 1317 155 1362; x_wconf 85' lang='lat'>110</span> <span class='ocrx_word' id='word_1_59' title='bbox 170 1297 348 1382; x_wconf 85' lang='lat' dir='ltr'>Pompeius</span> <span class='ocrx_word' id='word_1_60' title='bbox 370 1297 462 1361; x_wconf 87' lang='lat' dir='ltr'>tenui</span> <span class='ocrx_word' id='word_1_61' title='bbox 484 1296 609 1381; x_wconf 89' lang='lat' dir='ltr'>iugulos</span> <span class='ocrx_word' id='word_1_62' title='bbox 631 1297 754 1381; x_wconf 86' lang='lat' dir='ltr'>aperire</span> <span class='ocrx_word' id='word_1_63' title='bbox 776 1320 912 1376; x_wconf 89' lang='lat' dir='ltr'>susurro,</span> 
     </span>
     <span class='ocr_line' id='line_1_12' title="bbox 169 1399 920 1484; baseline 0.003 -19"><span class='ocrx_word' id='word_1_64' title='bbox 169 1410 206 1465; x_wconf 91' lang='lat' dir='ltr'>et</span> <span class='ocrx_word' id='word_1_65' title='bbox 233 1399 289 1484; x_wconf 90' lang='lat' dir='ltr'>qui</span> <span class='ocrx_word' id='word_1_66' title='bbox 309 1399 491 1464; x_wconf 86' lang='lat' dir='ltr'>vulturibus</span> <span class='ocrx_word' id='word_1_67' title='bbox 513 1400 660 1464; x_wconf 88' lang='lat' dir='ltr'>servabat</span> <span class='ocrx_word' id='word_1_68' title='bbox 682 1400 804 1464; x_wconf 82' lang='lat' dir='ltr'>viscera</span> <span class='ocrx_word' id='word_1_69' title='bbox 824 1402 920 1467; x_wconf 86' lang='lat' dir='ltr'>Dacis</span> 
     </span>
     <span class='ocr_line' id='line_1_13' title="bbox 170 1501 950 1588; baseline 0.004 -22"><span class='ocrx_word' id='word_1_70' title='bbox 170 1504 306 1577; x_wconf 83' lang='lat' dir='ltr'>Fuscus,</span> <span class='ocrx_word' id='word_1_71' title='bbox 329 1523 507 1565; x_wconf 87' lang='lat' dir='ltr'>marmorea</span> <span class='ocrx_word' id='word_1_72' title='bbox 527 1501 703 1566; x_wconf 88' lang='lat' dir='ltr'>meditatus</span> <span class='ocrx_word' id='word_1_73' title='bbox 724 1504 845 1588; x_wconf 89' lang='lat' dir='ltr'>proelia</span> <span class='ocrx_word' id='word_1_74' title='bbox 866 1505 950 1583; x_wconf 89' lang='lat' dir='ltr'>villa,</span> 
     </span>
     <span class='ocr_line' id='line_1_14' title="bbox 169 1603 968 1690; baseline 0.006 -22"><span class='ocrx_word' id='word_1_75' title='bbox 169 1614 206 1668; x_wconf 88' lang='grc'>01</span> <span class='ocrx_word' id='word_1_76' title='bbox 232 1626 306 1667; x_wconf 92' lang='lat' dir='ltr'>cum</span> <span class='ocrx_word' id='word_1_77' title='bbox 327 1603 489 1667; x_wconf 88' lang='lat' dir='ltr'>mortifero</span> <span class='ocrx_word' id='word_1_78' title='bbox 509 1604 651 1690; x_wconf 88' lang='lat' dir='ltr'>prudens</span> <span class='ocrx_word' id='word_1_79' title='bbox 672 1605 811 1670; x_wconf 89' lang='lat' dir='ltr'>Veiento</span> <span class='ocrx_word' id='word_1_80' title='bbox 834 1608 968 1686; x_wconf 81' lang='lat' dir='ltr'>Catulle,</span> 
     </span>
     <span class='ocr_line' id='line_1_15' title="bbox 169 1707 1003 1796; baseline 0.008 -25"><span class='ocrx_word' id='word_1_81' title='bbox 169 1708 234 1794; x_wconf 91' lang='lat' dir='ltr'>qui</span> <span class='ocrx_word' id='word_1_82' title='bbox 255 1729 432 1791; x_wconf 82' lang='lat' dir='ltr'>numquam</span> <span class='ocrx_word' id='word_1_83' title='bbox 454 1707 540 1770; x_wconf 87' lang='lat' dir='ltr'>visae</span> <span class='ocrx_word' id='word_1_84' title='bbox 562 1707 718 1792; x_wconf 86' lang='lat' dir='ltr'>flagrabat</span> <span class='ocrx_word' id='word_1_85' title='bbox 739 1732 847 1775; x_wconf 88' lang='lat' dir='ltr'>amore</span> <span class='ocrx_word' id='word_1_86' title='bbox 869 1714 1003 1796; x_wconf 89' lang='lat' dir='ltr'>puellae,</span> 
     </span>
     <span class='ocr_line' id='line_1_16' title="bbox 84 1810 1222 1901; baseline 0.005 -21"><span class='ocrx_word' id='word_1_87' title='bbox 84 1833 154 1899; x_wconf 86' lang='lat'>115</span> <span class='ocrx_word' id='word_1_88' title='bbox 167 1811 296 1898; x_wconf 84' lang='lat' dir='ltr'>grande</span> <span class='ocrx_word' id='word_1_89' title='bbox 319 1819 352 1876; x_wconf 90' lang='grc'>01</span> <span class='ocrx_word' id='word_1_90' title='bbox 373 1810 579 1895; x_wconf 84' lang='lat' dir='ltr'>conspicuum</span> <span class='ocrx_word' id='word_1_91' title='bbox 596 1819 705 1876; x_wconf 89' lang='lat' dir='ltr'>nostro</span> <span class='ocrx_word' id='word_1_92' title='bbox 726 1834 852 1898; x_wconf 91' lang='lat' dir='ltr'>quoque</span> <span class='ocrx_word' id='word_1_93' title='bbox 871 1823 1015 1901; x_wconf 88' lang='lat' dir='ltr'>tempore</span> <span class='ocrx_word' id='word_1_94' title='bbox 1034 1830 1222 1896; x_wconf 89' lang='lat' dir='ltr'>monstrum,</span> 
     </span>
     <span class='ocr_line' id='line_1_17' title="bbox 167 1913 948 2000; baseline 0.004 -21"><span class='ocrx_word' id='word_1_95' title='bbox 167 1937 287 1980; x_wconf 88' lang='lat' dir='ltr'>caecus</span> <span class='ocrx_word' id='word_1_96' title='bbox 308 1914 454 1978; x_wconf 78' lang='lat' dir='ltr'>adulator</span> <span class='ocrx_word' id='word_1_97' title='bbox 476 1913 626 1999; x_wconf 90' lang='lat' dir='ltr'>dirusque</span> <span class='ocrx_word' id='word_1_98' title='bbox 649 1937 669 1977; x_wconf 86' lang='lat' dir='ltr'>a</span> <span class='ocrx_word' id='word_1_99' title='bbox 690 1923 789 2000; x_wconf 88' lang='lat' dir='ltr'>ponte</span> <span class='ocrx_word' id='word_1_100' title='bbox 812 1917 948 1996; x_wconf 83' lang='lat' dir='ltr'>satelles,</span> 
     </span>
     <span class='ocr_line' id='line_1_18' title="bbox 168 2017 920 2104; baseline 0.004 -20"><span class='ocrx_word' id='word_1_101' title='bbox 168 2020 291 2104; x_wconf 87' lang='lat' dir='ltr'>dignus</span> <span class='ocrx_word' id='word_1_102' title='bbox 312 2018 459 2082; x_wconf 88' lang='lat' dir='ltr'>Aricinos</span> <span class='ocrx_word' id='word_1_103' title='bbox 482 2017 539 2103; x_wconf 92' lang='lat' dir='ltr'>qui</span> <span class='ocrx_word' id='word_1_104' title='bbox 561 2018 759 2083; x_wconf 70' lang='lat' dir='ltr'>mendicaret</span> <span class='ocrx_word' id='word_1_105' title='bbox 782 2019 822 2084; x_wconf 88' lang='lat' dir='ltr'>ad</span> <span class='ocrx_word' id='word_1_106' title='bbox 845 2043 920 2088; x_wconf 89' lang='lat' dir='ltr'>axes</span> 
     </span>
     <span class='ocr_line' id='line_1_19' title="bbox 168 2119 910 2207; baseline 0.001 -20"><span class='ocrx_word' id='word_1_107' title='bbox 168 2122 356 2207; x_wconf 87' lang='lat' dir='ltr'>blandaque</span> <span class='ocrx_word' id='word_1_108' title='bbox 378 2122 518 2185; x_wconf 85' lang='lat' dir='ltr'>devexae</span> <span class='ocrx_word' id='word_1_109' title='bbox 540 2119 675 2185; x_wconf 86' lang='lat' dir='ltr'>iactaret</span> <span class='ocrx_word' id='word_1_110' title='bbox 696 2120 786 2185; x_wconf 87' lang='lat' dir='ltr'>basia</span> <span class='ocrx_word' id='word_1_111' title='bbox 807 2122 910 2189; x_wconf 88' lang='lat' dir='ltr'>redae.</span> 
     </span>
     <span class='ocr_line' id='line_1_20' title="bbox 168 2224 1121 2313; baseline 0.004 -21"><span class='ocrx_word' id='word_1_112' title='bbox 168 2249 269 2292; x_wconf 90' lang='lat' dir='ltr'>nemo</span> <span class='ocrx_word' id='word_1_113' title='bbox 291 2225 393 2311; x_wconf 85' lang='lat' dir='ltr'>magis</span> <span class='ocrx_word' id='word_1_114' title='bbox 414 2224 587 2289; x_wconf 91' lang='lat' dir='ltr'>rhombum</span> <span class='ocrx_word' id='word_1_115' title='bbox 610 2226 755 2310; x_wconf 86' lang='lat' dir='ltr'>stupuit:</span> <span class='ocrx_word' id='word_1_116' title='bbox 779 2249 855 2290; x_wconf 87' lang='lat' dir='ltr'>nam</span> <span class='ocrx_word' id='word_1_117' title='bbox 877 2229 1018 2313; x_wconf 88' lang='lat' dir='ltr'>plurima</span> <span class='ocrx_word' id='word_1_118' title='bbox 1039 2230 1121 2296; x_wconf 81' lang='lat' dir='ltr'>dixit</span> 
     </span>
     <span class='ocr_line' id='line_1_21' title="bbox 85 2327 972 2406; baseline -0.008 -4"><span class='ocrx_word' id='word_1_119' title='bbox 85 2356 156 2401; x_wconf 87' lang='lat'>120</span> <span class='ocrx_word' id='word_1_120' title='bbox 168 2331 205 2393; x_wconf 92' lang='lat' dir='ltr'>in</span> <span class='ocrx_word' id='word_1_121' title='bbox 229 2329 357 2392; x_wconf 88' lang='lat' dir='ltr'>laevum</span> <span class='ocrx_word' id='word_1_122' title='bbox 379 2350 562 2406; x_wconf 90' lang='lat' dir='ltr'>conversus;</span> <span class='ocrx_word' id='word_1_123' title='bbox 585 2334 619 2390; x_wconf 88' lang='lat' dir='ltr'>at</span> <span class='ocrx_word' id='word_1_124' title='bbox 641 2327 689 2390; x_wconf 91' lang='lat' dir='ltr'>illi</span> <span class='ocrx_word' id='word_1_125' title='bbox 711 2327 825 2392; x_wconf 88' lang='lat' dir='ltr'>dextra</span> <span class='ocrx_word' id='word_1_126' title='bbox 847 2329 972 2396; x_wconf 86' lang='lat' dir='ltr'>iacebat</span> 
     </span>
     <span class='ocr_line' id='line_1_22' title="bbox 167 2430 975 2517; baseline 0.002 -20"><span class='ocrx_word' id='word_1_127' title='bbox 167 2434 276 2498; x_wconf 88' lang='lat' dir='ltr'>belua</span> <span class='ocrx_word' id='word_1_128' title='bbox 321 2432 364 2496; x_wconf 89' lang='lat' dir='ltr'>sic</span> <span class='ocrx_word' id='word_1_129' title='bbox 386 2454 510 2517; x_wconf 86' lang='lat' dir='ltr'>pugnas</span> <span class='ocrx_word' id='word_1_130' title='bbox 533 2431 640 2496; x_wconf 79' lang='lat' dir='ltr'>Cilicis</span> <span class='ocrx_word' id='word_1_131' title='bbox 662 2430 815 2496; x_wconf 88' lang='lat' dir='ltr'>laudabat</span> <span class='ocrx_word' id='word_1_132' title='bbox 838 2441 871 2496; x_wconf 89' lang='lat' dir='ltr'>et</span> <span class='ocrx_word' id='word_1_133' title='bbox 893 2433 975 2499; x_wconf 90' lang='lat' dir='ltr'>ictus</span> 
     </span>
     <span class='ocr_line' id='line_1_23' title="bbox 167 2535 975 2622; baseline 0.001 -18"><span class='ocrx_word' id='word_1_134' title='bbox 167 2549 204 2604; x_wconf 88' lang='lat' dir='ltr'>et</span> <span class='ocrx_word' id='word_1_135' title='bbox 227 2559 344 2622; x_wconf 81' lang='lat' dir='ltr'>pegma</span> <span class='ocrx_word' id='word_1_136' title='bbox 366 2546 399 2601; x_wconf 89' lang='lat' dir='ltr'>et</span> <span class='ocrx_word' id='word_1_137' title='bbox 420 2557 535 2621; x_wconf 88' lang='lat' dir='ltr'>pueros</span> <span class='ocrx_word' id='word_1_138' title='bbox 558 2535 632 2599; x_wconf 90' lang='lat' dir='ltr'>inde</span> <span class='ocrx_word' id='word_1_139' title='bbox 655 2535 696 2598; x_wconf 87' lang='lat' dir='ltr'>ad</span> <span class='ocrx_word' id='word_1_140' title='bbox 718 2536 837 2602; x_wconf 86' lang='lat' dir='ltr'>velaria</span> <span class='ocrx_word' id='word_1_141' title='bbox 859 2546 975 2622; x_wconf 87' lang='lat' dir='ltr'>raptos.</span> 
     </span>
     <span class='ocr_line' id='line_1_24' title="bbox 167 2638 950 2715; baseline -0.003 -9"><span class='ocrx_word' id='word_1_142' title='bbox 167 2663 238 2706; x_wconf 91' lang='lat' dir='ltr'>non</span> <span class='ocrx_word' id='word_1_143' title='bbox 260 2639 344 2703; x_wconf 86' lang='lat' dir='ltr'>cedit</span> <span class='ocrx_word' id='word_1_144' title='bbox 365 2639 512 2715; x_wconf 88' lang='lat' dir='ltr'>Veiento,</span> <span class='ocrx_word' id='word_1_145' title='bbox 536 2645 585 2701; x_wconf 88' lang='lat' dir='ltr'>set</span> <span class='ocrx_word' id='word_1_146' title='bbox 606 2646 644 2700; x_wconf 88' lang='lat' dir='ltr'>ut</span> <span class='ocrx_word' id='word_1_147' title='bbox 667 2638 825 2701; x_wconf 87' lang='lat' dir='ltr'>fanaticus</span> <span class='ocrx_word' id='word_1_148' title='bbox 848 2647 950 2705; x_wconf 88' lang='lat' dir='ltr'>oestro</span> 
     </span>
     <span class='ocr_line' id='line_1_25' title="bbox 166 2739 946 2829; baseline 0 -23"><span class='ocrx_word' id='word_1_149' title='bbox 166 2764 346 2829; x_wconf 84' lang='lat' dir='ltr'>percussus,</span> <span class='ocrx_word' id='word_1_150' title='bbox 370 2741 511 2819; x_wconf 90' lang='lat' dir='ltr'>Bellona,</span> <span class='ocrx_word' id='word_1_151' title='bbox 534 2748 591 2803; x_wconf 91' lang='lat' dir='ltr'>tuo</span> <span class='ocrx_word' id='word_1_152' title='bbox 614 2739 737 2803; x_wconf 90' lang='lat' dir='ltr'>divinat</span> <span class='ocrx_word' id='word_1_153' title='bbox 760 2750 793 2805; x_wconf 92' lang='lat' dir='ltr'>et</span> <span class='ocrx_word' id='word_1_154' title='bbox 818 2740 946 2826; x_wconf 88' lang='lat' dir='ltr'>‘ingens</span> 
     </span>
     <span class='ocr_line' id='line_1_26' title="bbox 87 2845 1051 2937; baseline -0.005 -22"><span class='ocrx_word' id='word_1_155' title='bbox 87 2871 154 2937; x_wconf 84' lang='lat'>125</span> <span class='ocrx_word' id='word_1_156' title='bbox 167 2871 268 2914; x_wconf 91' lang='lat' dir='ltr'>omen</span> <span class='ocrx_word' id='word_1_157' title='bbox 289 2847 406 2923; x_wconf 89' lang='lat' dir='ltr'>habes,&#39;</span> <span class='ocrx_word' id='word_1_158' title='bbox 427 2845 543 2931; x_wconf 90' lang='lat' dir='ltr'>inquit,</span> <span class='ocrx_word' id='word_1_159' title='bbox 568 2845 695 2930; x_wconf 85' lang='lat' dir='ltr'>‘magni</span> <span class='ocrx_word' id='word_1_160' title='bbox 717 2845 858 2929; x_wconf 89' lang='lat' dir='ltr'>clarique</span> <span class='ocrx_word' id='word_1_161' title='bbox 880 2846 1051 2930; x_wconf 89' lang='lat' dir='ltr'>triumphi:</span> 
     </span>
     <span class='ocr_line' id='line_1_27' title="bbox 167 2948 1053 3036; baseline -0.002 -20"><span class='ocrx_word' id='word_1_162' title='bbox 167 2973 282 3036; x_wconf 89' lang='lat' dir='ltr'>regem</span> <span class='ocrx_word' id='word_1_163' title='bbox 303 2951 443 3036; x_wconf 90' lang='lat' dir='ltr'>aliquem</span> <span class='ocrx_word' id='word_1_164' title='bbox 466 2949 579 3034; x_wconf 88' lang='lat' dir='ltr'>capies,</span> <span class='ocrx_word' id='word_1_165' title='bbox 604 2959 661 3013; x_wconf 92' lang='lat' dir='ltr'>aut</span> <span class='ocrx_word' id='word_1_166' title='bbox 683 2948 723 3012; x_wconf 88' lang='lat' dir='ltr'>de</span> <span class='ocrx_word' id='word_1_167' title='bbox 745 2957 875 3013; x_wconf 89' lang='lat' dir='ltr'>temone</span> <span class='ocrx_word' id='word_1_168' title='bbox 898 2949 1053 3014; x_wconf 90' lang='lat' dir='ltr'>Britanno</span> 
     </span>
     <span class='ocr_line' id='line_1_28' title="bbox 168 3052 1021 3138; baseline -0.001 -19"><span class='ocrx_word' id='word_1_169' title='bbox 168 3054 299 3120; x_wconf 83' lang='lat' dir='ltr'>excidet</span> <span class='ocrx_word' id='word_1_170' title='bbox 320 3054 508 3138; x_wconf 77' lang='lat' dir='ltr'>Aruiragus:</span> <span class='ocrx_word' id='word_1_171' title='bbox 532 3053 700 3138; x_wconf 85' lang='lat' dir='ltr'>peregrina</span> <span class='ocrx_word' id='word_1_172' title='bbox 722 3063 771 3118; x_wconf 89' lang='lat' dir='ltr'>est</span> <span class='ocrx_word' id='word_1_173' title='bbox 793 3052 896 3131; x_wconf 88' lang='lat' dir='ltr'>belua,</span> <span class='ocrx_word' id='word_1_174' title='bbox 919 3054 1021 3119; x_wconf 89' lang='lat' dir='ltr'>cernis</span> 
     </span>
     <span class='ocr_line' id='line_1_29' title="bbox 168 3155 960 3242; baseline -0.006 -17"><span class='ocrx_word' id='word_1_175' title='bbox 168 3168 294 3226; x_wconf 81' lang='lat' dir='ltr'>erectas</span> <span class='ocrx_word' id='word_1_176' title='bbox 315 3157 349 3222; x_wconf 90' lang='lat' dir='ltr'>in</span> <span class='ocrx_word' id='word_1_177' title='bbox 371 3166 463 3242; x_wconf 84' lang='lat' dir='ltr'>terga</span> <span class='ocrx_word' id='word_1_178' title='bbox 484 3156 577 3220; x_wconf 88' lang='lat' dir='ltr'>sudes</span> <span class='ocrx_word' id='word_1_179' title='bbox 587 3155 606 3220; x_wconf 71' lang='lat'>2’</span> <span class='ocrx_word' id='word_1_180' title='bbox 650 3156 710 3219; x_wconf 92' lang='lat' dir='ltr'>hoc</span> <span class='ocrx_word' id='word_1_181' title='bbox 732 3155 835 3220; x_wconf 85' lang='lat' dir='ltr'>defuit</span> <span class='ocrx_word' id='word_1_182' title='bbox 858 3179 960 3220; x_wconf 91' lang='lat' dir='ltr'>unum</span> 
     </span>
     <span class='ocr_line' id='line_1_30' title="bbox 168 3259 1091 3346; baseline -0.002 -17"><span class='ocrx_word' id='word_1_183' title='bbox 168 3261 326 3337; x_wconf 68' lang='lat' dir='ltr'>Fabricio</span> <span class='ocrx_word' id='word_1_184' title='bbox 349 3261 487 3346; x_wconf 87' lang='lat' dir='ltr'>patriam</span> <span class='ocrx_word' id='word_1_185' title='bbox 509 3268 547 3323; x_wconf 90' lang='lat' dir='ltr'>ut</span> <span class='ocrx_word' id='word_1_186' title='bbox 569 3259 695 3323; x_wconf 87' lang='lat' dir='ltr'>rhombi</span> <span class='ocrx_word' id='word_1_187' title='bbox 716 3268 907 3324; x_wconf 90' lang='lat' dir='ltr'>memoraret</span> <span class='ocrx_word' id='word_1_188' title='bbox 930 3268 963 3325; x_wconf 93' lang='lat' dir='ltr'>et</span> <span class='ocrx_word' id='word_1_189' title='bbox 985 3282 1091 3327; x_wconf 81' lang='lat' dir='ltr'>annos</span> 
     </span>
     <span class='ocr_line' id='line_1_31' title="bbox 91 3362 1153 3458; baseline 0.001 -28"><span class='ocrx_word' id='word_1_190' title='bbox 91 3393 155 3458; x_wconf 79' lang='lat'>130</span> <span class='ocrx_word' id='word_1_191' title='bbox 171 3365 356 3452; x_wconf 88' lang='lat' dir='ltr'>“quidnam</span> <span class='ocrx_word' id='word_1_192' title='bbox 378 3365 478 3450; x_wconf 89' lang='lat' dir='ltr'>igitur</span> <span class='ocrx_word' id='word_1_193' title='bbox 500 3369 629 3428; x_wconf 65' lang='lat' dir='ltr'>censes?</span> <span class='ocrx_word' id='word_1_194' title='bbox 652 3362 829 3427; x_wconf 89' lang='lat' dir='ltr'>conciditur</span> <span class='ocrx_word' id='word_1_195' title='bbox 838 3362 866 3428; x_wconf 79' lang='grc'><strong>1”</strong></span> <span class='ocrx_word' id='word_1_196' title='bbox 912 3364 1012 3428; x_wconf 87' lang='lat' dir='ltr'>‘absit</span> <span class='ocrx_word' id='word_1_197' title='bbox 1035 3365 1075 3428; x_wconf 91' lang='lat' dir='ltr'>ab</span> <span class='ocrx_word' id='word_1_198' title='bbox 1098 3366 1153 3431; x_wconf 89' lang='lat' dir='ltr'>illo</span> 
     </span>
     <span class='ocr_line' id='line_1_32' title="bbox 168 3466 1081 3551; baseline -0.004 -16"><span class='ocrx_word' id='word_1_199' title='bbox 168 3471 310 3536; x_wconf 89' lang='lat' dir='ltr'>dedecus</span> <span class='ocrx_word' id='word_1_200' title='bbox 330 3469 407 3545; x_wconf 91' lang='lat' dir='ltr'>hoc,’</span> <span class='ocrx_word' id='word_1_201' title='bbox 430 3468 604 3532; x_wconf 85' lang='lat' dir='ltr'>Montanus</span> <span class='ocrx_word' id='word_1_202' title='bbox 627 3466 681 3531; x_wconf 85' lang='lat' dir='ltr'>ait.</span> <span class='ocrx_word' id='word_1_203' title='bbox 728 3473 829 3530; x_wconf 86' lang='lat' dir='ltr'>‘testa</span> <span class='ocrx_word' id='word_1_204' title='bbox 851 3466 918 3530; x_wconf 89' lang='lat' dir='ltr'>alta</span> <span class='ocrx_word' id='word_1_205' title='bbox 938 3475 1081 3551; x_wconf 84' lang='lat' dir='ltr'>paretur,</span> 
     </span>
     <span class='ocr_line' id='line_1_33' title="bbox 170 3569 971 3658; baseline 0 -23"><span class='ocrx_word' id='word_1_206' title='bbox 170 3594 257 3658; x_wconf 90' lang='lat' dir='ltr'>quae</span> <span class='ocrx_word' id='word_1_207' title='bbox 277 3572 370 3637; x_wconf 88' lang='lat' dir='ltr'>tenui</span> <span class='ocrx_word' id='word_1_208' title='bbox 391 3593 483 3638; x_wconf 87' lang='lat' dir='ltr'>muro</span> <span class='ocrx_word' id='word_1_209' title='bbox 505 3569 681 3655; x_wconf 89' lang='lat' dir='ltr'>spatiosum</span> <span class='ocrx_word' id='word_1_210' title='bbox 704 3569 832 3654; x_wconf 89' lang='lat' dir='ltr'>colligat</span> <span class='ocrx_word' id='word_1_211' title='bbox 855 3571 971 3636; x_wconf 90' lang='lat' dir='ltr'>orbem.</span> 
     </span>
     <span class='ocr_line' id='line_1_34' title="bbox 169 3670 1072 3758; baseline -0.002 -18"><span class='ocrx_word' id='word_1_212' title='bbox 169 3676 310 3740; x_wconf 89' lang='lat' dir='ltr'>debetur</span> <span class='ocrx_word' id='word_1_213' title='bbox 328 3696 464 3758; x_wconf 85' lang='lat' dir='ltr'>magnus</span> <span class='ocrx_word' id='word_1_214' title='bbox 486 3672 616 3757; x_wconf 90' lang='lat' dir='ltr'>patinae</span> <span class='ocrx_word' id='word_1_215' title='bbox 639 3670 826 3756; x_wconf 89' lang='lat' dir='ltr'>subitusque</span> <span class='ocrx_word' id='word_1_216' title='bbox 849 3672 1057 3738; x_wconf 89' lang='lat' dir='ltr'>Prometheus</span> <span class='ocrx_word' id='word_1_217' title='bbox 1064 3697 1072 3754; x_wconf 77' lang='lat'><em>³</em></span> 
     </span>
     <span class='ocr_line' id='line_1_35' title="bbox 169 3772 1109 3864; baseline -0.004 -18"><span class='ocrx_word' id='word_1_218' title='bbox 169 3778 317 3864; x_wconf 82' lang='lat' dir='ltr'>argillam</span> <span class='ocrx_word' id='word_1_219' title='bbox 339 3784 436 3862; x_wconf 87' lang='lat' dir='ltr'>atque</span> <span class='ocrx_word' id='word_1_220' title='bbox 457 3784 561 3842; x_wconf 86' lang='lat' dir='ltr'>rotam</span> <span class='ocrx_word' id='word_1_221' title='bbox 584 3772 678 3838; x_wconf 87' lang='lat' dir='ltr'>citius</span> <span class='ocrx_word' id='word_1_222' title='bbox 699 3777 885 3858; x_wconf 84' lang='lat' dir='ltr'>properate!</span> <span class='ocrx_word' id='word_1_223' title='bbox 910 3774 966 3840; x_wconf 91' lang='lat' dir='ltr'>sed</span> <span class='ocrx_word' id='word_1_224' title='bbox 988 3798 1028 3841; x_wconf 86' lang='lat' dir='ltr'>ex</span> <span class='ocrx_word' id='word_1_225' title='bbox 1048 3778 1109 3842; x_wconf 89' lang='lat' dir='ltr'>hoc</span> 
     </span>
     <span class='ocr_line' id='line_1_36' title="bbox 1044 3883 1125 3945; baseline 0.012 -1"><span class='ocrx_word' id='word_1_226' title='bbox 1044 3883 1125 3945; x_wconf 81' lang='lat'>2-2</span> 
     </span>
    </p>
   </div>
   <div class='ocr_carea' id='block_1_3' title="bbox 0 0 1316 4282">
    <p class='ocr_par' dir='ltr' id='par_1_3' title="bbox 0 0 1316 4282">
     <span class='ocr_line' id='line_1_37' title="bbox 0 0 1316 4282; baseline 0 0"><span class='ocrx_word' id='word_1_227' title='bbox 0 0 1316 4282; x_wconf 95' lang='lat' dir='ltr'> </span> 
     </span>
    </p>
   </div>
  </div>
 </body>
</html>
