2550 4266
143 225 189 294 70
607 193 720 272 XIII

139 378 278 447 nominis
301 378 405 459 invisi,
427 379 625 466 tandemque
647 379 790 445 fatebere
811 379 917 451 laetus
1020 425 1022 429 -
1085 400 1087 403 ·
1173 466 1175 473 Ι

139 507 199 550 nec
221 485 354 575 surdum
375 507 435 550 nec
456 485 600 550 Tiresian
623 506 820 569 quemquam
841 506 911 554 esse
934 481 1076 553 deorum.

535 745 821 754 *—

607 926 714 1002 XIV

141 1102 285 1168 Plurima
306 1109 390 1181 sunt,
412 1101 557 1177 Euadne,
581 1110 615 1171 et
638 1103 723 1169 fama
745 1103 844 1188 digna
865 1102 996 1170 sinistra

142 1215 175 1273 et
196 1206 307 1278 nitidis
330 1207 489 1273 maculam
511 1194 680 1269 haesuram
703 1205 836 1291 figentia
857 1207 962 1285 rebus,

142 1335 224 1397 quae
246 1319 426 1386 monstrant
452 1311 513 1397 ipsi
534 1311 643 1397 pueris
665 1312 862 1398 traduntque
884 1324 1043 1399 parentes

141 1416 169 1479 si
190 1416 343 1481 damnosa
363 1439 474 1481 senem
495 1416 586 1482 iuvat
608 1416 686 1492 alea,
710 1416 794 1482 ludit
816 1427 850 1485 et
872 1421 964 1488 heres

141 1523 284 1588 bullatus
305 1544 468 1609 parvoque
490 1521 603 1586 eadem
627 1532 737 1588 movet
758 1545 848 1588 arma
869 1526 989 1592 fritillo.

141 1651 200 1694 nec
226 1629 341 1693 melius
363 1628 403 1692 de
418 1650 459 1692 vso
481 1628 632 1713 cuiquam
654 1652 780 1715 sperare
803 1631 983 1717 propinquo
1102 1705 1104 1710 ,

142 1734 294 1799 concedet
314 1733 448 1810 iuvenis,
473 1732 530 1818 qui
552 1733 663 1799 radere
684 1736 800 1798 tubera
825 1743 937 1814 terrae,

141 1836 286 1900 boletum
308 1836 436 1900 condire
459 1845 492 1904 et
514 1836 626 1900 eodem
649 1836 718 1904 iure
744 1839 887 1902 natantis

141 1962 284 2025 mergere
306 1939 424 2004 ficellas
446 1939 567 2015 didicit,
590 1940 749 2004 nebulone
771 1950 904 2026 parente

142 2056 176 2112 et
198 2069 278 2112 cana
298 2055 496 2117 monstrante
517 2047 601 2131 gula
633 2068 708 2110 cum
733 2046 889 2130 septimus
912 2069 1016 2116 annus

141 2152 304 2218 transierit
326 2153 640 2238 puerumnondum
664 2153 753 2222 omni
775 2153 873 2224 dente
898 2162 1018 2231 renat0,

93 2258 94 2262 ’
141 2258 291 2321 barbatos
314 2256 389 2324 licet
412 2256 582 2326 admoveas
606 2256 696 2320 mille
719 2256 795 2320 inde
818 2257 996 2341 magistros,

58 2403 62 2412 -
105 2376 107 2380 ’
141 2361 217 2424 hinc
240 2360 385 2439 totidem,
412 2360 522 2445 cupiet
547 2360 636 2424 lauto
661 2383 774 2424 cenare
799 2370 914 2446 paratu

142 2488 268 2551 semper
292 2474 325 2530 et
350 2488 370 2530 a
393 2488 511 2550 magna
536 2486 601 2535 non
627 2465 818 2549 degenerare
842 2465 957 2532 culina.

141 2571 256 2636 mitem
279 2571 424 2637 animum
449 2578 483 2637 et
507 2593 610 2640 mores
633 2570 765 2634 modicis
792 2570 949 2640 erroribus
978 2595 1097 2658 aequos

19 2734 21 2737 ,
142 2675 298 2761 praecipit
321 2684 419 2760 atque
443 2676 567 2744 animas
592 2698 756 2744 servorum
780 2684 814 2746 et
837 2698 967 2761 corpora
993 2688 1103 2749 nostra

142 2779 279 2845 materia
300 2786 442 2843 constare
464 2786 559 2863 putat
581 2780 773 2864 paribusque
796 2779 974 2858 elementis,

142 2905 184 2946 an
207 2883 328 2948 saevire
350 2882 442 2946 docet
464 2881 604 2960 Rutilus,
628 2881 684 2966 qui
705 2880 825 2965 gaudet
847 2883 959 2947 acerbo

142 2986 309 3072 plagarum
332 2987 469 3072 strepitu
495 2994 529 3057 et
554 2985 678 3049 nullam
701 2984 816 3048 Sirena
839 2985 972 3070 flagellis

143 3099 302 3175 conparat,
326 3090 520 3175 Antiphates
542 3088 660 3172 trepidi
682 3086 757 3151 laris
779 3110 816 3151 ac
838 3087 1062 3174 Polyphemus,

141 3201 220 3257 tunc
241 3194 326 3270 felix,
350 3193 497 3278 quotiens
518 3190 634 3275 aliquis
656 3196 775 3254 tortore
797 3200 908 3254 vocato

134 3293 247 3368 'uritur
272 3296 396 3365 ardenti
419 3295 483 3359 duo
505 3306 635 3380 propter
659 3294 760 3368 lintea
782 3296 888 3359 ferro?

144 3399 221 3484 quid
247 3400 361 3464 suadet
386 3398 495 3462 iuveni
518 3398 623 3464 laetus
649 3398 784 3464 stridore
809 3407 950 3476 catenae,

143 3527 241 3590 quem
263 3505 343 3568 mire
367 3504 512 3573 afficiunt
537 3503 690 3589 inscripta
715 3503 884 3587 ergastula,
912 3508 1037 3569 carcer?

142 3608 280 3673 rusticus
302 3615 457 3693 expectas,
480 3614 517 3670 ut
539 3630 604 3671 non
626 3607 669 3673 sit
690 3607 836 3676 adultera
857 3609 978 3694 Largae

143 3709 216 3789 filia,
240 3730 322 3795 quae
344 3729 521 3794 numquam
542 3717 705 3782 maternos
727 3710 831 3776 dicere
854 3712 1002 3777 moechos
