<?xml version="1.0" encoding="UTF-8"?>
<!DOCTYPE html PUBLIC "-//W3C//DTD XHTML 1.0 Transitional//EN"
    "http://www.w3.org/TR/xhtml1/DTD/xhtml1-transitional.dtd">
<html xmlns="http://www.w3.org/1999/xhtml" xml:lang="en" lang="en">
 <head>
  <title>
</title>
<meta http-equiv="Content-Type" content="text/html;charset=utf-8" />
  <meta name='ocr-system' content='tesseract 3.04.00' />
  <meta name='ocr-capabilities' content='ocr_page ocr_carea ocr_par ocr_line ocrx_word'/>
</head>
<body>
  <div class='ocr_page' id='page_1' title='image "./thirteensatires00juvegoog_0071.png"; bbox 0 0 2550 4266; ppageno 0'>
   <div class='ocr_carea' id='block_1_1' title="bbox 121 151 706 231">
    <p class='ocr_par' dir='ltr' id='par_1_1' title="bbox 121 151 706 231">
     <span class='ocr_line' id='line_1_1' title="bbox 121 151 706 231; baseline -0.003 -2"><span class='ocrx_word' id='word_1_1' title='bbox 121 227 124 231; x_wconf 79' lang='grc'>,</span> <span class='ocrx_word' id='word_1_2' title='bbox 143 155 191 227; x_wconf 85' lang='lat'>60</span> <span class='ocrx_word' id='word_1_3' title='bbox 618 151 706 227; x_wconf 91' lang='lat' dir='ltr'>XII</span> 
     </span>
    </p>
   </div>
   <div class='ocr_carea' id='block_1_2' title="bbox 140 326 1273 3829">
    <p class='ocr_par' dir='ltr' id='par_1_2' title="bbox 141 326 1273 609">
     <span class='ocr_line' id='line_1_2' title="bbox 141 326 1266 412; baseline -0.002 -19"><span class='ocrx_word' id='word_1_4' title='bbox 141 327 315 393; x_wconf 86' lang='lat' dir='ltr'>Parthenio</span> <span class='ocrx_word' id='word_1_5' title='bbox 337 326 447 405; x_wconf 88' lang='lat' dir='ltr'>factas,</span> <span class='ocrx_word' id='word_1_6' title='bbox 470 349 571 392; x_wconf 89' lang='lat' dir='ltr'>urnae</span> <span class='ocrx_word' id='word_1_7' title='bbox 594 335 717 392; x_wconf 89' lang='lat' dir='ltr'>cratera</span> <span class='ocrx_word' id='word_1_8' title='bbox 739 348 888 412; x_wconf 80' lang='lat' dir='ltr'>capacem</span> <span class='ocrx_word' id='word_1_9' title='bbox 1261 390 1266 400; x_wconf 74' lang='grc'>,</span> 
     </span>
     <span class='ocr_line' id='line_1_3' title="bbox 143 429 1273 523; baseline -0.002 -27"><span class='ocrx_word' id='word_1_10' title='bbox 143 440 177 496; x_wconf 88' lang='lat' dir='ltr'>et</span> <span class='ocrx_word' id='word_1_11' title='bbox 201 431 334 520; x_wconf 89' lang='lat' dir='ltr'>dignum</span> <span class='ocrx_word' id='word_1_12' title='bbox 358 431 488 495; x_wconf 78' lang='lat' dir='ltr'>sitiente</span> <span class='ocrx_word' id='word_1_13' title='bbox 512 429 612 495; x_wconf 93' lang='lat' dir='ltr'>Pholo</span> <span class='ocrx_word' id='word_1_14' title='bbox 636 432 688 494; x_wconf 89' lang='lat' dir='ltr'>vel</span> <span class='ocrx_word' id='word_1_15' title='bbox 712 430 845 515; x_wconf 88' lang='lat' dir='ltr'>coniuge</span> <span class='ocrx_word' id='word_1_16' title='bbox 869 429 972 507; x_wconf 84' lang='lat' dir='ltr'>Fusci,</span> <span class='ocrx_word' id='word_1_17' title='bbox 1210 452 1238 523; x_wconf 84' lang='lat'>4·</span> <span class='ocrx_word' id='word_1_18' title='bbox 1264 463 1273 523; x_wconf 73' lang='lat'>²2</span> 
     </span>
     <span class='ocr_line' id='line_1_4' title="bbox 142 534 965 609; baseline 0 -11"><span class='ocrx_word' id='word_1_19' title='bbox 142 534 224 598; x_wconf 87' lang='lat' dir='ltr'>adde</span> <span class='ocrx_word' id='word_1_20' title='bbox 249 544 282 599; x_wconf 91' lang='lat' dir='ltr'>et</span> <span class='ocrx_word' id='word_1_21' title='bbox 301 535 476 599; x_wconf 79' lang='lat' dir='ltr'>bascaudas</span> <span class='ocrx_word' id='word_1_22' title='bbox 500 543 534 599; x_wconf 90' lang='lat' dir='ltr'>et</span> <span class='ocrx_word' id='word_1_23' title='bbox 558 534 647 597; x_wconf 91' lang='lat' dir='ltr'>mille</span> <span class='ocrx_word' id='word_1_24' title='bbox 669 534 798 609; x_wconf 89' lang='lat' dir='ltr'>escaria,</span> <span class='ocrx_word' id='word_1_25' title='bbox 823 534 965 598; x_wconf 87' lang='lat' dir='ltr'>multum</span> 
     </span>
    </p>

    <p class='ocr_par' dir='ltr' id='par_1_3' title="bbox 142 637 970 724">
     <span class='ocr_line' id='line_1_5' title="bbox 142 637 970 724; baseline 0 -22"><span class='ocrx_word' id='word_1_26' title='bbox 142 639 265 715; x_wconf 89' lang='lat' dir='ltr'>caelati,</span> <span class='ocrx_word' id='word_1_27' title='bbox 289 639 414 703; x_wconf 86' lang='lat' dir='ltr'>biberat</span> <span class='ocrx_word' id='word_1_28' title='bbox 437 660 501 724; x_wconf 92' lang='lat' dir='ltr'>quo</span> <span class='ocrx_word' id='word_1_29' title='bbox 524 638 656 702; x_wconf 90' lang='lat' dir='ltr'>callidus</span> <span class='ocrx_word' id='word_1_30' title='bbox 681 646 805 723; x_wconf 89' lang='lat' dir='ltr'>emptor</span> <span class='ocrx_word' id='word_1_31' title='bbox 828 637 970 722; x_wconf 87' lang='lat' dir='ltr'>Olynthi.</span> 
     </span>
    </p>

    <p class='ocr_par' dir='ltr' id='par_1_4' title="bbox 142 739 1071 827">
     <span class='ocr_line' id='line_1_6' title="bbox 142 739 1071 827; baseline 0.006 -23"><span class='ocrx_word' id='word_1_32' title='bbox 142 741 198 807; x_wconf 86' lang='lat' dir='ltr'>sed</span> <span class='ocrx_word' id='word_1_33' title='bbox 221 741 292 825; x_wconf 89' lang='lat' dir='ltr'>quis</span> <span class='ocrx_word' id='word_1_34' title='bbox 314 763 400 807; x_wconf 93' lang='lat' dir='ltr'>nunc</span> <span class='ocrx_word' id='word_1_35' title='bbox 424 742 514 818; x_wconf 91' lang='lat' dir='ltr'>alius,</span> <span class='ocrx_word' id='word_1_36' title='bbox 540 764 605 827; x_wconf 90' lang='lat' dir='ltr'>qua</span> <span class='ocrx_word' id='word_1_37' title='bbox 624 742 738 805; x_wconf 93' lang='lat' dir='ltr'>mundi</span> <span class='ocrx_word' id='word_1_38' title='bbox 759 750 851 826; x_wconf 88' lang='lat' dir='ltr'>parte</span> <span class='ocrx_word' id='word_1_39' title='bbox 878 741 949 826; x_wconf 92' lang='lat' dir='ltr'>quis</span> <span class='ocrx_word' id='word_1_40' title='bbox 970 739 1071 810; x_wconf 76' lang='lat' dir='ltr'>audet</span> 
     </span>
    </p>

    <p class='ocr_par' dir='ltr' id='par_1_5' title="bbox 142 844 945 931">
     <span class='ocr_line' id='line_1_7' title="bbox 142 844 945 931; baseline 0.001 -24"><span class='ocrx_word' id='word_1_41' title='bbox 142 853 274 929; x_wconf 89' lang='lat' dir='ltr'>argento</span> <span class='ocrx_word' id='word_1_42' title='bbox 297 845 455 929; x_wconf 87' lang='lat' dir='ltr'>praeferre</span> <span class='ocrx_word' id='word_1_43' title='bbox 479 853 576 929; x_wconf 88' lang='lat' dir='ltr'>caput</span> <span class='ocrx_word' id='word_1_44' title='bbox 599 846 759 931; x_wconf 87' lang='lat' dir='ltr'>rebusque</span> <span class='ocrx_word' id='word_1_45' title='bbox 783 844 945 909; x_wconf 72' lang='lat' dir='ltr'>salutern?</span> 
     </span>
    </p>

    <p class='ocr_par' dir='ltr' id='par_1_6' title="bbox 144 947 1033 1036">
     <span class='ocr_line' id='line_1_8' title="bbox 144 947 1033 1036; baseline 0.001 -26"><span class='ocrx_word' id='word_1_46' title='bbox 144 947 224 1032; x_wconf 90' lang='lat' dir='ltr'>[non</span> <span class='ocrx_word' id='word_1_47' title='bbox 246 956 377 1036; x_wconf 86' lang='lat' dir='ltr'>propter</span> <span class='ocrx_word' id='word_1_48' title='bbox 400 948 502 1013; x_wconf 90' lang='lat' dir='ltr'>vitam</span> <span class='ocrx_word' id='word_1_49' title='bbox 528 948 650 1012; x_wconf 85' lang='lat' dir='ltr'>faciunt</span> <span class='ocrx_word' id='word_1_50' title='bbox 673 949 869 1034; x_wconf 90' lang='lat' dir='ltr'>patrimonia</span> <span class='ocrx_word' id='word_1_51' title='bbox 892 948 1033 1034; x_wconf 87' lang='lat' dir='ltr'>quidam,</span> 
     </span>
    </p>

    <p class='ocr_par' dir='ltr' id='par_1_7' title="bbox 142 1049 944 1139">
     <span class='ocr_line' id='line_1_9' title="bbox 142 1049 944 1139; baseline 0.004 -27"><span class='ocrx_word' id='word_1_52' title='bbox 142 1050 198 1113; x_wconf 93' lang='lat' dir='ltr'>sed</span> <span class='ocrx_word' id='word_1_53' title='bbox 221 1050 300 1113; x_wconf 83' lang='lat' dir='ltr'>vitio</span> <span class='ocrx_word' id='word_1_54' title='bbox 324 1049 408 1113; x_wconf 89' lang='lat' dir='ltr'>caeci</span> <span class='ocrx_word' id='word_1_55' title='bbox 432 1059 564 1139; x_wconf 86' lang='lat' dir='ltr'>propter</span> <span class='ocrx_word' id='word_1_56' title='bbox 589 1051 784 1136; x_wconf 90' lang='lat' dir='ltr'>patrimonia</span> <span class='ocrx_word' id='word_1_57' title='bbox 806 1052 944 1136; x_wconf 82' lang='lat' dir='ltr'>vivunt]</span> 
     </span>
    </p>

    <p class='ocr_par' dir='ltr' id='par_1_8' title="bbox 142 1151 1094 1239">
     <span class='ocr_line' id='line_1_10' title="bbox 142 1151 1094 1239; baseline 0.006 -24"><span class='ocrx_word' id='word_1_58' title='bbox 142 1151 282 1216; x_wconf 81' lang='lat' dir='ltr'>iactatur</span> <span class='ocrx_word' id='word_1_59' title='bbox 307 1175 414 1216; x_wconf 90' lang='lat' dir='ltr'>rerum</span> <span class='ocrx_word' id='word_1_60' title='bbox 437 1154 569 1217; x_wconf 91' lang='lat' dir='ltr'>utilium</span> <span class='ocrx_word' id='word_1_61' title='bbox 592 1176 666 1239; x_wconf 86' lang='lat' dir='ltr'>pars</span> <span class='ocrx_word' id='word_1_62' title='bbox 690 1155 841 1232; x_wconf 89' lang='lat' dir='ltr'>maxima,</span> <span class='ocrx_word' id='word_1_63' title='bbox 867 1155 922 1219; x_wconf 90' lang='lat' dir='ltr'>sed</span> <span class='ocrx_word' id='word_1_64' title='bbox 945 1177 1005 1221; x_wconf 89' lang='lat' dir='ltr'>nec</span> <span class='ocrx_word' id='word_1_65' title='bbox 1091 1205 1094 1210; x_wconf 83' lang='grc'><strong>-</strong></span> 
     </span>
    </p>

    <p class='ocr_par' dir='ltr' id='par_1_9' title="bbox 142 1255 1020 1342">
     <span class='ocr_line' id='line_1_11' title="bbox 142 1255 1020 1342; baseline 0.005 -23"><span class='ocrx_word' id='word_1_66' title='bbox 142 1255 261 1321; x_wconf 91' lang='lat' dir='ltr'>damna</span> <span class='ocrx_word' id='word_1_67' title='bbox 282 1256 398 1321; x_wconf 86' lang='lat' dir='ltr'>levant.</span> <span class='ocrx_word' id='word_1_68' title='bbox 443 1265 521 1321; x_wconf 91' lang='lat' dir='ltr'>tunc</span> <span class='ocrx_word' id='word_1_69' title='bbox 545 1257 684 1322; x_wconf 85' lang='lat' dir='ltr'>adversis</span> <span class='ocrx_word' id='word_1_70' title='bbox 706 1259 918 1342; x_wconf 87' lang='lat' dir='ltr'>urguentibus</span> <span class='ocrx_word' id='word_1_71' title='bbox 944 1259 1020 1323; x_wconf 93' lang='lat' dir='ltr'>illuc</span> 
     </span>
    </p>

    <p class='ocr_par' dir='ltr' id='par_1_10' title="bbox 142 1360 958 1437">
     <span class='ocr_line' id='line_1_12' title="bbox 142 1360 958 1437; baseline 0.004 -14"><span class='ocrx_word' id='word_1_72' title='bbox 142 1360 274 1424; x_wconf 86' lang='lat' dir='ltr'>reccidit</span> <span class='ocrx_word' id='word_1_73' title='bbox 296 1369 335 1424; x_wconf 86' lang='lat' dir='ltr'>ut</span> <span class='ocrx_word' id='word_1_74' title='bbox 358 1360 481 1424; x_wconf 88' lang='lat' dir='ltr'>malum</span> <span class='ocrx_word' id='word_1_75' title='bbox 505 1361 587 1425; x_wconf 83' lang='lat' dir='ltr'>ferro</span> <span class='ocrx_word' id='word_1_76' title='bbox 612 1361 838 1437; x_wconf 86' lang='lat' dir='ltr'>summitteret,</span> <span class='ocrx_word' id='word_1_77' title='bbox 863 1384 900 1426; x_wconf 91' lang='lat' dir='ltr'>ac</span> <span class='ocrx_word' id='word_1_78' title='bbox 924 1385 958 1426; x_wconf 91' lang='lat' dir='ltr'>se</span> 
     </span>
    </p>

    <p class='ocr_par' dir='ltr' id='par_1_11' title="bbox 141 1464 1252 1651">
     <span class='ocr_line' id='line_1_13' title="bbox 142 1464 1252 1550; baseline 0.005 -25"><span class='ocrx_word' id='word_1_79' title='bbox 142 1464 281 1548; x_wconf 86' lang='lat' dir='ltr'>explicat</span> <span class='ocrx_word' id='word_1_80' title='bbox 307 1471 502 1548; x_wconf 87' lang='lat' dir='ltr'>angustum:</span> <span class='ocrx_word' id='word_1_81' title='bbox 528 1464 719 1531; x_wconf 87' lang='lat' dir='ltr'>discriminis</span> <span class='ocrx_word' id='word_1_82' title='bbox 742 1465 866 1543; x_wconf 89' lang='lat' dir='ltr'>ultima,</span> <span class='ocrx_word' id='word_1_83' title='bbox 891 1465 1019 1550; x_wconf 88' lang='lat' dir='ltr'>quando</span> <span class='ocrx_word' id='word_1_84' title='bbox 1202 1472 1252 1542; x_wconf 59' lang='grc'>«55</span> 
     </span>
     <span class='ocr_line' id='line_1_14' title="bbox 141 1567 965 1651; baseline 0.006 -22"><span class='ocrx_word' id='word_1_85' title='bbox 141 1567 300 1651; x_wconf 87' lang='lat' dir='ltr'>praesidia</span> <span class='ocrx_word' id='word_1_86' title='bbox 321 1567 492 1631; x_wconf 86' lang='lat' dir='ltr'>adferimus</span> <span class='ocrx_word' id='word_1_87' title='bbox 518 1590 635 1638; x_wconf 87' lang='lat' dir='ltr'>navem</span> <span class='ocrx_word' id='word_1_88' title='bbox 655 1569 779 1633; x_wconf 87' lang='lat' dir='ltr'>factura</span> <span class='ocrx_word' id='word_1_89' title='bbox 800 1570 965 1634; x_wconf 89' lang='lat' dir='ltr'>minorem.</span> 
     </span>
    </p>

    <p class='ocr_par' dir='ltr' id='par_1_12' title="bbox 140 1669 942 1750">
     <span class='ocr_line' id='line_1_15' title="bbox 140 1669 942 1750; baseline 0.007 -18"><span class='ocrx_word' id='word_1_90' title='bbox 140 1669 154 1732; x_wconf 91' lang='lat' dir='ltr'>i</span> <span class='ocrx_word' id='word_1_91' title='bbox 179 1692 264 1734; x_wconf 93' lang='lat' dir='ltr'>nunc</span> <span class='ocrx_word' id='word_1_92' title='bbox 288 1678 321 1737; x_wconf 91' lang='lat' dir='ltr'>et</span> <span class='ocrx_word' id='word_1_93' title='bbox 344 1670 449 1734; x_wconf 88' lang='lat' dir='ltr'>ventis</span> <span class='ocrx_word' id='word_1_94' title='bbox 471 1671 612 1741; x_wconf 89' lang='lat' dir='ltr'>animam</span> <span class='ocrx_word' id='word_1_95' title='bbox 637 1673 812 1750; x_wconf 90' lang='lat' dir='ltr'>committe,</span> <span class='ocrx_word' id='word_1_96' title='bbox 835 1673 942 1738; x_wconf 89' lang='lat' dir='ltr'>dolato</span> 
     </span>
    </p>

    <p class='ocr_par' dir='ltr' id='par_1_13' title="bbox 142 1773 861 1858">
     <span class='ocr_line' id='line_1_16' title="bbox 142 1773 861 1858; baseline 0.003 -21"><span class='ocrx_word' id='word_1_97' title='bbox 142 1773 278 1837; x_wconf 89' lang='lat' dir='ltr'>confisus</span> <span class='ocrx_word' id='word_1_98' title='bbox 298 1774 394 1858; x_wconf 87' lang='lat' dir='ltr'>ligno,</span> <span class='ocrx_word' id='word_1_99' title='bbox 422 1773 530 1858; x_wconf 84' lang='lat' dir='ltr'>digitis</span> <span class='ocrx_word' id='word_1_100' title='bbox 554 1797 574 1839; x_wconf 90' lang='lat' dir='ltr'>a</span> <span class='ocrx_word' id='word_1_101' title='bbox 593 1783 696 1839; x_wconf 90' lang='lat' dir='ltr'>morte</span> <span class='ocrx_word' id='word_1_102' title='bbox 719 1784 861 1840; x_wconf 89' lang='lat' dir='ltr'>remotus</span> 
     </span>
    </p>

    <p class='ocr_par' dir='ltr' id='par_1_14' title="bbox 142 1878 960 1961">
     <span class='ocr_line' id='line_1_17' title="bbox 142 1878 960 1961; baseline 0.004 -21"><span class='ocrx_word' id='word_1_103' title='bbox 142 1885 295 1960; x_wconf 91' lang='lat' dir='ltr'>quattuor</span> <span class='ocrx_word' id='word_1_104' title='bbox 316 1886 374 1941; x_wconf 90' lang='lat' dir='ltr'>aut</span> <span class='ocrx_word' id='word_1_105' title='bbox 396 1885 529 1961; x_wconf 86' lang='lat' dir='ltr'>septem,</span> <span class='ocrx_word' id='word_1_106' title='bbox 553 1878 580 1942; x_wconf 91' lang='lat' dir='ltr'>si</span> <span class='ocrx_word' id='word_1_107' title='bbox 603 1879 644 1943; x_wconf 88' lang='lat' dir='ltr'>sit</span> <span class='ocrx_word' id='word_1_108' title='bbox 666 1879 824 1943; x_wconf 90' lang='lat' dir='ltr'>latissima</span> <span class='ocrx_word' id='word_1_109' title='bbox 845 1878 960 1958; x_wconf 80' lang='lat' dir='ltr'>taeda3</span> 
     </span>
    </p>

    <p class='ocr_par' dir='ltr' id='par_1_15' title="bbox 141 1981 1255 2171">
     <span class='ocr_line' id='line_1_18' title="bbox 141 1981 1255 2068; baseline 0.002 -24"><span class='ocrx_word' id='word_1_110' title='bbox 141 2003 217 2045; x_wconf 88' lang='lat' dir='ltr'>mox</span> <span class='ocrx_word' id='word_1_111' title='bbox 239 2003 312 2061; x_wconf 86' lang='lat' dir='ltr'>curn</span> <span class='ocrx_word' id='word_1_112' title='bbox 334 1981 475 2045; x_wconf 89' lang='lat' dir='ltr'>reticulis</span> <span class='ocrx_word' id='word_1_113' title='bbox 498 1991 532 2047; x_wconf 91' lang='lat' dir='ltr'>et</span> <span class='ocrx_word' id='word_1_114' title='bbox 552 2005 637 2068; x_wconf 91' lang='lat' dir='ltr'>pane</span> <span class='ocrx_word' id='word_1_115' title='bbox 660 1991 694 2046; x_wconf 92' lang='lat' dir='ltr'>et</span> <span class='ocrx_word' id='word_1_116' title='bbox 714 1990 827 2046; x_wconf 88' lang='lat' dir='ltr'>ventre</span> <span class='ocrx_word' id='word_1_117' title='bbox 849 1982 981 2067; x_wconf 88' lang='lat' dir='ltr'>lagonae</span> <span class='ocrx_word' id='word_1_118' title='bbox 1215 1988 1255 2058; x_wconf 85' lang='lat'>60</span> 
     </span>
     <span class='ocr_line' id='line_1_19' title="bbox 141 2083 869 2171; baseline 0.001 -23"><span class='ocrx_word' id='word_1_119' title='bbox 141 2084 247 2168; x_wconf 81' lang='lat' dir='ltr'>aspice</span> <span class='ocrx_word' id='word_1_120' title='bbox 269 2083 440 2148; x_wconf 87' lang='lat' dir='ltr'>sumendas</span> <span class='ocrx_word' id='word_1_121' title='bbox 465 2084 500 2148; x_wconf 89' lang='lat' dir='ltr'>in</span> <span class='ocrx_word' id='word_1_122' title='bbox 522 2092 715 2171; x_wconf 81' lang='lat' dir='ltr'>tempestate</span> <span class='ocrx_word' id='word_1_123' title='bbox 737 2107 869 2150; x_wconf 89' lang='lat' dir='ltr'>secures.</span> 
     </span>
    </p>

    <p class='ocr_par' dir='ltr' id='par_1_16' title="bbox 141 2181 1154 2376">
     <span class='ocr_line' id='line_1_20' title="bbox 141 2181 1154 2276; baseline 0.003 -26"><span class='ocrx_word' id='word_1_124' title='bbox 141 2186 196 2250; x_wconf 91' lang='lat' dir='ltr'>sed</span> <span class='ocrx_word' id='word_1_125' title='bbox 218 2181 390 2272; x_wconf 85' lang='lat' dir='ltr'>postquam</span> <span class='ocrx_word' id='word_1_126' title='bbox 413 2186 514 2252; x_wconf 86' lang='lat' dir='ltr'>iacuit</span> <span class='ocrx_word' id='word_1_127' title='bbox 535 2189 668 2276; x_wconf 89' lang='lat' dir='ltr'>planum</span> <span class='ocrx_word' id='word_1_128' title='bbox 691 2210 788 2264; x_wconf 88' lang='lat' dir='ltr'>mare,</span> <span class='ocrx_word' id='word_1_129' title='bbox 812 2196 958 2272; x_wconf 90' lang='lat' dir='ltr'>tempora</span> <span class='ocrx_word' id='word_1_130' title='bbox 978 2194 1154 2271; x_wconf 85' lang='lat' dir='ltr'>postquam</span> 
     </span>
     <span class='ocr_line' id='line_1_21' title="bbox 141 2290 921 2376; baseline 0.001 -22"><span class='ocrx_word' id='word_1_131' title='bbox 141 2312 293 2375; x_wconf 87' lang='lat' dir='ltr'>prospera</span> <span class='ocrx_word' id='word_1_132' title='bbox 313 2290 449 2355; x_wconf 90' lang='lat' dir='ltr'>vectoris</span> <span class='ocrx_word' id='word_1_133' title='bbox 471 2291 640 2376; x_wconf 88' lang='lat' dir='ltr'>fatumque</span> <span class='ocrx_word' id='word_1_134' title='bbox 662 2292 822 2356; x_wconf 88' lang='lat' dir='ltr'>valentius</span> <span class='ocrx_word' id='word_1_135' title='bbox 845 2314 921 2355; x_wconf 91' lang='lat' dir='ltr'>euro</span> 
     </span>
    </p>

    <p class='ocr_par' dir='ltr' id='par_1_17' title="bbox 142 2395 969 2480">
     <span class='ocr_line' id='line_1_22' title="bbox 142 2395 969 2480; baseline 0 -22"><span class='ocrx_word' id='word_1_136' title='bbox 142 2403 175 2459; x_wconf 91' lang='lat' dir='ltr'>et</span> <span class='ocrx_word' id='word_1_137' title='bbox 196 2395 318 2479; x_wconf 84' lang='lat' dir='ltr'>pelago,</span> <span class='ocrx_word' id='word_1_138' title='bbox 341 2403 512 2480; x_wconf 88' lang='lat' dir='ltr'>postquam</span> <span class='ocrx_word' id='word_1_139' title='bbox 535 2395 652 2460; x_wconf 89' lang='lat' dir='ltr'>Parcae</span> <span class='ocrx_word' id='word_1_140' title='bbox 675 2397 808 2460; x_wconf 92' lang='lat' dir='ltr'>meliora</span> <span class='ocrx_word' id='word_1_141' title='bbox 829 2396 969 2480; x_wconf 87' lang='lat' dir='ltr'>benigna</span> 
     </span>
    </p>

    <p class='ocr_par' dir='ltr' id='par_1_18' title="bbox 141 2498 959 2583">
     <span class='ocr_line' id='line_1_23' title="bbox 141 2498 959 2583; baseline 0.002 -22"><span class='ocrx_word' id='word_1_142' title='bbox 141 2520 241 2583; x_wconf 90' lang='lat' dir='ltr'>pensa</span> <span class='ocrx_word' id='word_1_143' title='bbox 262 2520 362 2561; x_wconf 87' lang='lat' dir='ltr'>manu</span> <span class='ocrx_word' id='word_1_144' title='bbox 384 2498 506 2563; x_wconf 90' lang='lat' dir='ltr'>ducunt</span> <span class='ocrx_word' id='word_1_145' title='bbox 528 2498 647 2563; x_wconf 87' lang='lat' dir='ltr'>hilares</span> <span class='ocrx_word' id='word_1_146' title='bbox 670 2508 703 2564; x_wconf 93' lang='lat' dir='ltr'>et</span> <span class='ocrx_word' id='word_1_147' title='bbox 726 2501 872 2566; x_wconf 89' lang='lat' dir='ltr'>staminis</span> <span class='ocrx_word' id='word_1_148' title='bbox 894 2500 959 2564; x_wconf 86' lang='lat' dir='ltr'>albi</span> 
     </span>
    </p>

    <p class='ocr_par' dir='ltr' id='par_1_19' title="bbox 142 2602 920 2678">
     <span class='ocr_line' id='line_1_24' title="bbox 142 2602 920 2678; baseline 0.004 -13"><span class='ocrx_word' id='word_1_149' title='bbox 142 2602 296 2678; x_wconf 87' lang='lat' dir='ltr'>lanificae,</span> <span class='ocrx_word' id='word_1_150' title='bbox 319 2602 444 2666; x_wconf 89' lang='lat' dir='ltr'>modica</span> <span class='ocrx_word' id='word_1_151' title='bbox 466 2625 525 2666; x_wconf 91' lang='lat' dir='ltr'>nec</span> <span class='ocrx_word' id='word_1_152' title='bbox 547 2604 688 2669; x_wconf 85' lang='lat' dir='ltr'>multum</span> <span class='ocrx_word' id='word_1_153' title='bbox 710 2605 821 2669; x_wconf 85' lang='lat' dir='ltr'>fortior</span> <span class='ocrx_word' id='word_1_154' title='bbox 842 2627 920 2668; x_wconf 89' lang='lat' dir='ltr'>aura</span> 
     </span>
    </p>

    <p class='ocr_par' dir='ltr' id='par_1_20' title="bbox 142 2706 956 2791">
     <span class='ocr_line' id='line_1_25' title="bbox 142 2706 956 2791; baseline 0.002 -20"><span class='ocrx_word' id='word_1_155' title='bbox 142 2716 258 2771; x_wconf 86' lang='lat' dir='ltr'>ventus</span> <span class='ocrx_word' id='word_1_156' title='bbox 281 2706 378 2784; x_wconf 89' lang='lat' dir='ltr'>adest,</span> <span class='ocrx_word' id='word_1_157' title='bbox 402 2706 490 2791; x_wconf 91' lang='lat' dir='ltr'>inopi</span> <span class='ocrx_word' id='word_1_158' title='bbox 512 2706 702 2773; x_wconf 88' lang='lat' dir='ltr'>miserabilis</span> <span class='ocrx_word' id='word_1_159' title='bbox 724 2717 794 2773; x_wconf 89' lang='lat' dir='ltr'>arte</span> <span class='ocrx_word' id='word_1_160' title='bbox 816 2709 956 2774; x_wconf 89' lang='lat' dir='ltr'>cucurrit</span> 
     </span>
    </p>

    <p class='ocr_par' dir='ltr' id='par_1_21' title="bbox 142 2810 981 2897">
     <span class='ocr_line' id='line_1_26' title="bbox 142 2810 981 2897; baseline 0.002 -23"><span class='ocrx_word' id='word_1_161' title='bbox 142 2810 284 2874; x_wconf 89' lang='lat' dir='ltr'>vestibus</span> <span class='ocrx_word' id='word_1_162' title='bbox 307 2810 447 2874; x_wconf 84' lang='lat' dir='ltr'>extentis</span> <span class='ocrx_word' id='word_1_163' title='bbox 470 2819 512 2887; x_wconf 92' lang='lat' dir='ltr'>et,</span> <span class='ocrx_word' id='word_1_164' title='bbox 536 2811 622 2897; x_wconf 93' lang='lat' dir='ltr'>quod</span> <span class='ocrx_word' id='word_1_165' title='bbox 644 2822 850 2897; x_wconf 87' lang='lat' dir='ltr'>superaverat</span> <span class='ocrx_word' id='word_1_166' title='bbox 870 2835 981 2891; x_wconf 90' lang='lat' dir='ltr'>unum,</span> 
     </span>
    </p>

    <p class='ocr_par' dir='ltr' id='par_1_22' title="bbox 143 2912 919 2998">
     <span class='ocr_line' id='line_1_27' title="bbox 143 2912 919 2998; baseline 0.003 -21"><span class='ocrx_word' id='word_1_167' title='bbox 143 2914 213 2978; x_wconf 89' lang='lat' dir='ltr'>velo</span> <span class='ocrx_word' id='word_1_168' title='bbox 235 2936 330 2998; x_wconf 89' lang='lat' dir='ltr'>prora</span> <span class='ocrx_word' id='word_1_169' title='bbox 351 2935 415 2979; x_wconf 85' lang='lat' dir='ltr'>suo</span> <span class='ocrx_word' id='word_1_170' title='bbox 463 2912 528 2977; x_wconf 90' lang='lat' dir='ltr'>iarn</span> <span class='ocrx_word' id='word_1_171' title='bbox 550 2914 773 2978; x_wconf 89' lang='lat' dir='ltr'>deficientibus</span> <span class='ocrx_word' id='word_1_172' title='bbox 796 2915 919 2993; x_wconf 88' lang='lat' dir='ltr'>austris,</span> 
     </span>
    </p>

    <p class='ocr_par' dir='ltr' id='par_1_23' title="bbox 143 3016 1259 3206">
     <span class='ocr_line' id='line_1_28' title="bbox 143 3016 1259 3104; baseline -0.004 -23"><span class='ocrx_word' id='word_1_173' title='bbox 143 3039 215 3102; x_wconf 88' lang='lat' dir='ltr'>spes</span> <span class='ocrx_word' id='word_1_174' title='bbox 237 3017 323 3081; x_wconf 86' lang='lat' dir='ltr'>vitae</span> <span class='ocrx_word' id='word_1_175' title='bbox 345 3039 420 3080; x_wconf 90' lang='lat' dir='ltr'>oum</span> <span class='ocrx_word' id='word_1_176' title='bbox 442 3016 507 3081; x_wconf 89' lang='lat' dir='ltr'>sole</span> <span class='ocrx_word' id='word_1_177' title='bbox 529 3017 621 3082; x_wconf 85' lang='lat' dir='ltr'>redit</span> <span class='ocrx_word' id='word_1_178' title='bbox 667 3026 745 3082; x_wconf 92' lang='lat' dir='ltr'>tunc</span> <span class='ocrx_word' id='word_1_179' title='bbox 766 3028 876 3104; x_wconf 83' lang='lat' dir='ltr'>gratus</span> <span class='ocrx_word' id='word_1_180' title='bbox 899 3019 971 3083; x_wconf 92' lang='lat' dir='ltr'>Iulo</span> <span class='ocrx_word' id='word_1_181' title='bbox 1044 3082 1046 3086; x_wconf 75' lang='grc'>,</span> <span class='ocrx_word' id='word_1_182' title='bbox 1216 3029 1259 3097; x_wconf 80' lang='lat'>70</span> 
     </span>
     <span class='ocr_line' id='line_1_29' title="bbox 143 3120 856 3206; baseline 0.003 -21"><span class='ocrx_word' id='word_1_183' title='bbox 143 3131 241 3206; x_wconf 89' lang='lat' dir='ltr'>atque</span> <span class='ocrx_word' id='word_1_184' title='bbox 263 3121 422 3186; x_wconf 84' lang='lat' dir='ltr'>novercali</span> <span class='ocrx_word' id='word_1_185' title='bbox 444 3120 534 3185; x_wconf 90' lang='lat' dir='ltr'>sedes</span> <span class='ocrx_word' id='word_1_186' title='bbox 556 3123 701 3206; x_wconf 87' lang='lat' dir='ltr'>praelata</span> <span class='ocrx_word' id='word_1_187' title='bbox 723 3123 856 3187; x_wconf 89' lang='lat' dir='ltr'>Lavinio</span> 
     </span>
    </p>

    <p class='ocr_par' dir='ltr' id='par_1_24' title="bbox 143 3224 994 3310">
     <span class='ocr_line' id='line_1_30' title="bbox 143 3224 994 3310; baseline 0 -22"><span class='ocrx_word' id='word_1_188' title='bbox 143 3225 338 3308; x_wconf 88' lang='lat' dir='ltr'>conspicitur</span> <span class='ocrx_word' id='word_1_189' title='bbox 360 3224 506 3288; x_wconf 90' lang='lat' dir='ltr'>sublimis</span> <span class='ocrx_word' id='word_1_190' title='bbox 529 3247 619 3310; x_wconf 85' lang='lat' dir='ltr'>apex,</span> <span class='ocrx_word' id='word_1_191' title='bbox 643 3227 696 3291; x_wconf 92' lang='lat' dir='ltr'>cui</span> <span class='ocrx_word' id='word_1_192' title='bbox 718 3227 854 3291; x_wconf 90' lang='lat' dir='ltr'>candida</span> <span class='ocrx_word' id='word_1_193' title='bbox 875 3247 994 3289; x_wconf 89' lang='lat' dir='ltr'>nomen</span> 
     </span>
    </p>

    <p class='ocr_par' dir='ltr' id='par_1_25' title="bbox 143 3328 1002 3414">
     <span class='ocr_line' id='line_1_31' title="bbox 143 3328 1002 3414; baseline -0.001 -22"><span class='ocrx_word' id='word_1_194' title='bbox 143 3328 244 3393; x_wconf 85' lang='lat' dir='ltr'>scrofa</span> <span class='ocrx_word' id='word_1_195' title='bbox 266 3328 363 3404; x_wconf 90' lang='lat' dir='ltr'>dedit,</span> <span class='ocrx_word' id='word_1_196' title='bbox 387 3328 481 3392; x_wconf 91' lang='lat' dir='ltr'>laetis</span> <span class='ocrx_word' id='word_1_197' title='bbox 503 3328 684 3414; x_wconf 87' lang='lat' dir='ltr'>Phrygibus</span> <span class='ocrx_word' id='word_1_198' title='bbox 711 3330 858 3395; x_wconf 89' lang='lat' dir='ltr'>mirabile</span> <span class='ocrx_word' id='word_1_199' title='bbox 880 3350 1002 3403; x_wconf 90' lang='lat' dir='ltr'>sumen,</span> 
     </span>
    </p>

    <p class='ocr_par' dir='ltr' id='par_1_26' title="bbox 143 3431 914 3517">
     <span class='ocr_line' id='line_1_32' title="bbox 143 3431 914 3517; baseline 0.001 -21"><span class='ocrx_word' id='word_1_200' title='bbox 143 3440 177 3496; x_wconf 91' lang='lat' dir='ltr'>et</span> <span class='ocrx_word' id='word_1_201' title='bbox 198 3453 376 3516; x_wconf 89' lang='lat' dir='ltr'>numquam</span> <span class='ocrx_word' id='word_1_202' title='bbox 396 3431 473 3508; x_wconf 81' lang='lat' dir='ltr'>yisis</span> <span class='ocrx_word' id='word_1_203' title='bbox 495 3431 629 3517; x_wconf 85' lang='lat' dir='ltr'>triginta</span> <span class='ocrx_word' id='word_1_204' title='bbox 651 3435 737 3498; x_wconf 88' lang='lat' dir='ltr'>clara</span> <span class='ocrx_word' id='word_1_205' title='bbox 757 3433 914 3498; x_wconf 89' lang='lat' dir='ltr'>mamillis.</span> 
     </span>
    </p>

    <p class='ocr_par' dir='ltr' id='par_1_27' title="bbox 143 3535 1258 3726">
     <span class='ocr_line' id='line_1_33' title="bbox 143 3535 1258 3623; baseline -0.001 -23"><span class='ocrx_word' id='word_1_206' title='bbox 143 3538 275 3600; x_wconf 89' lang='lat' dir='ltr'>tandem</span> <span class='ocrx_word' id='word_1_207' title='bbox 298 3536 399 3601; x_wconf 89' lang='lat' dir='ltr'>intrat</span> <span class='ocrx_word' id='word_1_208' title='bbox 420 3535 539 3620; x_wconf 87' lang='lat' dir='ltr'>positas</span> <span class='ocrx_word' id='word_1_209' title='bbox 561 3536 685 3603; x_wconf 89' lang='lat' dir='ltr'>inclusa</span> <span class='ocrx_word' id='word_1_210' title='bbox 705 3561 764 3623; x_wconf 93' lang='lat' dir='ltr'>per</span> <span class='ocrx_word' id='word_1_211' title='bbox 786 3559 925 3622; x_wconf 88' lang='lat' dir='ltr'>aequora</span> <span class='ocrx_word' id='word_1_212' title='bbox 946 3535 1046 3599; x_wconf 87' lang='lat' dir='ltr'>moles</span> <span class='ocrx_word' id='word_1_213' title='bbox 1215 3551 1234 3619; x_wconf 81' lang='lat'><em>7</em></span> <span class='ocrx_word' id='word_1_214' title='bbox 1240 3549 1258 3615; x_wconf 88' lang='lat'>5</span> 
     </span>
     <span class='ocr_line' id='line_1_34' title="bbox 143 3638 1090 3726; baseline -0.004 -22"><span class='ocrx_word' id='word_1_215' title='bbox 143 3640 406 3726; x_wconf 87' lang='lat' dir='ltr'>Tyrrhenamque</span> <span class='ocrx_word' id='word_1_216' title='bbox 428 3638 550 3722; x_wconf 89' lang='lat' dir='ltr'>pharon</span> <span class='ocrx_word' id='word_1_217' title='bbox 572 3650 780 3726; x_wconf 89' lang='lat' dir='ltr'>porrectaque</span> <span class='ocrx_word' id='word_1_218' title='bbox 803 3640 934 3705; x_wconf 89' lang='lat' dir='ltr'>brachia</span> <span class='ocrx_word' id='word_1_219' title='bbox 954 3659 1090 3712; x_wconf 90' lang='lat' dir='ltr'>rursum,</span> 
     </span>
    </p>

    <p class='ocr_par' dir='ltr' id='par_1_28' title="bbox 144 3742 1075 3829">
     <span class='ocr_line' id='line_1_35' title="bbox 144 3742 1075 3829; baseline -0.002 -22"><span class='ocrx_word' id='word_1_220' title='bbox 144 3765 226 3829; x_wconf 89' lang='lat' dir='ltr'>quae</span> <span class='ocrx_word' id='word_1_221' title='bbox 247 3743 361 3828; x_wconf 86' lang='lat' dir='ltr'>pelago</span> <span class='ocrx_word' id='word_1_222' title='bbox 384 3749 554 3808; x_wconf 88' lang='lat' dir='ltr'>occurrunt</span> <span class='ocrx_word' id='word_1_223' title='bbox 576 3744 684 3809; x_wconf 89' lang='lat' dir='ltr'>medio</span> <span class='ocrx_word' id='word_1_224' title='bbox 706 3744 864 3829; x_wconf 85' lang='lat' dir='ltr'>longeque</span> <span class='ocrx_word' id='word_1_225' title='bbox 886 3742 1075 3826; x_wconf 87' lang='lat' dir='ltr'>relinquunt</span> 
     </span>
    </p>
   </div>
   <div class='ocr_carea' id='block_1_3' title="bbox 0 0 1280 4266">
    <p class='ocr_par' dir='ltr' id='par_1_29' title="bbox 0 0 1280 4266">
     <span class='ocr_line' id='line_1_36' title="bbox 0 0 1280 4266; baseline 0 0"><span class='ocrx_word' id='word_1_226' title='bbox 0 0 1280 4266; x_wconf 95' lang='lat' dir='ltr'> </span> 
     </span>
    </p>
   </div>
  </div>
 </body>
</html>
