<?xml version="1.0" encoding="UTF-8"?>
<!DOCTYPE html PUBLIC "-//W3C//DTD XHTML 1.0 Transitional//EN"
    "http://www.w3.org/TR/xhtml1/DTD/xhtml1-transitional.dtd">
<html xmlns="http://www.w3.org/1999/xhtml" xml:lang="en" lang="en">
 <head>
  <title>
</title>
<meta http-equiv="Content-Type" content="text/html;charset=utf-8" />
  <meta name='ocr-system' content='tesseract 3.04.00' />
  <meta name='ocr-capabilities' content='ocr_page ocr_carea ocr_par ocr_line ocrx_word'/>
</head>
<body>
  <div class='ocr_page' id='page_1' title='image "./thirteensatires00juvegoog_0041.png"; bbox 0 0 2550 4266; ppageno 0'>
   <div class='ocr_carea' id='block_1_1' title="bbox 145 159 703 255">
    <p class='ocr_par' dir='ltr' id='par_1_1' title="bbox 145 159 703 255">
     <span class='ocr_line' id='line_1_1' title="bbox 145 159 703 255; baseline 0.002 -17"><span class='ocrx_word' id='word_1_1' title='bbox 145 185 192 255; x_wconf 81' lang='lat'>30</span> <span class='ocrx_word' id='word_1_2' title='bbox 611 159 703 240; x_wconf 68' lang='lat' dir='ltr'>‘VII</span> 
     </span>
    </p>
   </div>
   <div class='ocr_carea' id='block_1_2' title="bbox 40 344 1251 3844">
    <p class='ocr_par' dir='ltr' id='par_1_2' title="bbox 145 344 1246 434">
     <span class='ocr_line' id='line_1_2' title="bbox 145 344 1246 434; baseline 0.003 -25"><span class='ocrx_word' id='word_1_3' title='bbox 145 354 179 410; x_wconf 91' lang='lat' dir='ltr'>et</span> <span class='ocrx_word' id='word_1_4' title='bbox 200 353 311 410; x_wconf 91' lang='lat' dir='ltr'>tamen</span> <span class='ocrx_word' id='word_1_5' title='bbox 333 354 382 411; x_wconf 90' lang='lat' dir='ltr'>est</span> <span class='ocrx_word' id='word_1_6' title='bbox 404 345 467 409; x_wconf 88' lang='lat' dir='ltr'>illis</span> <span class='ocrx_word' id='word_1_7' title='bbox 488 344 550 409; x_wconf 91' lang='lat' dir='ltr'>hoc</span> <span class='ocrx_word' id='word_1_8' title='bbox 571 345 661 422; x_wconf 90' lang='lat' dir='ltr'>utile,</span> <span class='ocrx_word' id='word_1_9' title='bbox 685 367 828 431; x_wconf 82' lang='lat' dir='ltr'>purpura</span> <span class='ocrx_word' id='word_1_10' title='bbox 849 348 961 414; x_wconf 90' lang='lat' dir='ltr'>vendit</span> <span class='ocrx_word' id='word_1_11' title='bbox 1118 372 1120 379; x_wconf 94' lang='lat'><em>·</em></span> <span class='ocrx_word' id='word_1_12' title='bbox 1219 367 1246 434; x_wconf 77' lang='lat'>13</span> 
     </span>
    </p>

    <p class='ocr_par' dir='ltr' id='par_1_3' title="bbox 142 448 1026 534">
     <span class='ocr_line' id='line_1_3' title="bbox 142 448 1026 534; baseline 0.006 -21"><span class='ocrx_word' id='word_1_13' title='bbox 142 449 346 526; x_wconf 86' lang='lat' dir='ltr'>causidicum,</span> <span class='ocrx_word' id='word_1_14' title='bbox 370 448 516 513; x_wconf 85' lang='lat' dir='ltr'>vendunt</span> <span class='ocrx_word' id='word_1_15' title='bbox 538 449 763 534; x_wconf 75' lang='lat' dir='ltr'><strong>amethystina,</strong></span> <span class='ocrx_word' id='word_1_16' title='bbox 787 453 939 516; x_wconf 87' lang='lat' dir='ltr'>convenit</span> <span class='ocrx_word' id='word_1_17' title='bbox 962 451 1026 518; x_wconf 90' lang='lat' dir='ltr'>illis</span> 
     </span>
    </p>

    <p class='ocr_par' dir='ltr' id='par_1_4' title="bbox 144 551 920 638">
     <span class='ocr_line' id='line_1_4' title="bbox 144 551 920 638; baseline 0.004 -21"><span class='ocrx_word' id='word_1_18' title='bbox 144 561 177 617; x_wconf 90' lang='lat' dir='ltr'>et</span> <span class='ocrx_word' id='word_1_19' title='bbox 200 554 337 638; x_wconf 89' lang='lat' dir='ltr'>strepitu</span> <span class='ocrx_word' id='word_1_20' title='bbox 359 561 393 617; x_wconf 92' lang='lat' dir='ltr'>et</span> <span class='ocrx_word' id='word_1_21' title='bbox 415 552 496 616; x_wconf 86' lang='lat' dir='ltr'>facie</span> <span class='ocrx_word' id='word_1_22' title='bbox 518 551 646 616; x_wconf 88' lang='lat' dir='ltr'>maioris</span> <span class='ocrx_word' id='word_1_23' title='bbox 668 553 776 618; x_wconf 88' lang='lat' dir='ltr'>vivere</span> <span class='ocrx_word' id='word_1_24' title='bbox 798 577 920 621; x_wconf 88' lang='lat' dir='ltr'>census.</span> 
     </span>
    </p>

    <p class='ocr_par' dir='ltr' id='par_1_5' title="bbox 137 656 1017 751">
     <span class='ocr_line' id='line_1_5' title="bbox 137 656 1017 751; baseline 0.007 -31"><span class='ocrx_word' id='word_1_25' title='bbox 137 656 206 740; x_wconf 91' lang='lat' dir='ltr'>[sed</span> <span class='ocrx_word' id='word_1_26' title='bbox 220 656 319 720; x_wconf 89' lang='lat' dir='ltr'>finem</span> <span class='ocrx_word' id='word_1_27' title='bbox 341 657 495 740; x_wconf 86' lang='lat' dir='ltr'>inpensae</span> <span class='ocrx_word' id='word_1_28' title='bbox 517 676 582 719; x_wconf 92' lang='lat' dir='ltr'>non</span> <span class='ocrx_word' id='word_1_29' title='bbox 604 663 711 720; x_wconf 88' lang='lat' dir='ltr'>servat</span> <span class='ocrx_word' id='word_1_30' title='bbox 732 657 866 743; x_wconf 89' lang='lat' dir='ltr'>prodiga</span> <span class='ocrx_word' id='word_1_31' title='bbox 891 659 1017 751; x_wconf 83' lang='lat' dir='ltr'>Roma]</span> 
     </span>
    </p>

    <p class='ocr_par' dir='ltr' id='par_1_6' title="bbox 140 757 929 843">
     <span class='ocr_line' id='line_1_6' title="bbox 140 757 929 843; baseline 0.009 -22"><span class='ocrx_word' id='word_1_32' title='bbox 140 758 270 823; x_wconf 88' lang='lat' dir='ltr'>fidimus</span> <span class='ocrx_word' id='word_1_33' title='bbox 292 758 442 843; x_wconf 70' lang='lat' dir='ltr'>eloquio?</span> <span class='ocrx_word' id='word_1_34' title='bbox 489 757 634 823; x_wconf 81' lang='lat' dir='ltr'>Ciceroni</span> <span class='ocrx_word' id='word_1_35' title='bbox 656 782 751 825; x_wconf 92' lang='lat' dir='ltr'>nemo</span> <span class='ocrx_word' id='word_1_36' title='bbox 773 761 929 828; x_wconf 89' lang='lat' dir='ltr'>ducentos</span> 
     </span>
    </p>

    <p class='ocr_par' dir='ltr' id='par_1_7' title="bbox 140 862 1226 953">
     <span class='ocr_line' id='line_1_7' title="bbox 140 862 1226 953; baseline 0.002 -28"><span class='ocrx_word' id='word_1_37' title='bbox 140 885 226 927; x_wconf 92' lang='lat' dir='ltr'>nunc</span> <span class='ocrx_word' id='word_1_38' title='bbox 248 862 373 927; x_wconf 79' lang='lat' dir='ltr'>dederit</span> <span class='ocrx_word' id='word_1_39' title='bbox 394 885 551 940; x_wconf 84' lang='lat' dir='ltr'>nummos,</span> <span class='ocrx_word' id='word_1_40' title='bbox 575 863 638 927; x_wconf 90' lang='lat' dir='ltr'>nisi</span> <span class='ocrx_word' id='word_1_41' title='bbox 659 863 785 928; x_wconf 87' lang='lat' dir='ltr'>fulserit</span> <span class='ocrx_word' id='word_1_42' title='bbox 806 865 923 930; x_wconf 87' lang='lat' dir='ltr'>anulus</span> <span class='ocrx_word' id='word_1_43' title='bbox 945 866 1068 953; x_wconf 85' lang='lat' dir='ltr'>ingens.</span> <span class='ocrx_word' id='word_1_44' title='bbox 1214 883 1226 927; x_wconf 88' lang='lat'>1</span> 
     </span>
    </p>

    <p class='ocr_par' dir='ltr' id='par_1_8' title="bbox 40 967 1006 1052">
     <span class='ocr_line' id='line_1_8' title="bbox 40 967 1006 1052; baseline 0.006 -24"><span class='ocrx_word' id='word_1_45' title='bbox 40 1019 44 1028; x_wconf 93' lang='lat'><em>.</em></span> <span class='ocrx_word' id='word_1_46' title='bbox 139 967 270 1050; x_wconf 78' lang='lat' dir='ltr'>respicit</span> <span class='ocrx_word' id='word_1_47' title='bbox 291 967 370 1030; x_wconf 87' lang='lat' dir='ltr'>haec</span> <span class='ocrx_word' id='word_1_48' title='bbox 392 967 533 1051; x_wconf 91' lang='lat' dir='ltr'>primum</span> <span class='ocrx_word' id='word_1_49' title='bbox 556 967 612 1051; x_wconf 88' lang='lat' dir='ltr'>qui</span> <span class='ocrx_word' id='word_1_50' title='bbox 635 967 750 1052; x_wconf 89' lang='lat' dir='ltr'>litigat,</span> <span class='ocrx_word' id='word_1_51' title='bbox 774 991 817 1033; x_wconf 90' lang='lat' dir='ltr'>an</span> <span class='ocrx_word' id='word_1_52' title='bbox 839 968 901 1033; x_wconf 91' lang='lat' dir='ltr'>tibi</span> <span class='ocrx_word' id='word_1_53' title='bbox 923 969 1006 1035; x_wconf 84' lang='lat' dir='ltr'>servi</span> 
     </span>
    </p>

    <p class='ocr_par' dir='ltr' id='par_1_9' title="bbox 140 1070 966 1157">
     <span class='ocr_line' id='line_1_9' title="bbox 140 1070 966 1157; baseline 0.006 -25"><span class='ocrx_word' id='word_1_54' title='bbox 140 1078 219 1146; x_wconf 84' lang='lat' dir='ltr'>octe,</span> <span class='ocrx_word' id='word_1_55' title='bbox 243 1070 353 1133; x_wconf 89' lang='lat' dir='ltr'>decem</span> <span class='ocrx_word' id='word_1_56' title='bbox 375 1070 515 1146; x_wconf 75' lang='lat' dir='ltr'>comites,</span> <span class='ocrx_word' id='word_1_57' title='bbox 538 1092 580 1133; x_wconf 93' lang='lat' dir='ltr'>an</span> <span class='ocrx_word' id='word_1_58' title='bbox 602 1078 731 1154; x_wconf 90' lang='lat' dir='ltr'>postte</span> <span class='ocrx_word' id='word_1_59' title='bbox 754 1071 839 1151; x_wconf 91' lang='lat' dir='ltr'>sella,</span> <span class='ocrx_word' id='word_1_60' title='bbox 862 1072 966 1157; x_wconf 84' lang='lat' dir='ltr'>togati</span> 
     </span>
    </p>

    <p class='ocr_par' dir='ltr' id='par_1_10' title="bbox 139 1172 920 1259">
     <span class='ocr_line' id='line_1_10' title="bbox 139 1172 920 1259; baseline 0.004 -22"><span class='ocrx_word' id='word_1_61' title='bbox 139 1181 216 1237; x_wconf 91' lang='lat' dir='ltr'>ante</span> <span class='ocrx_word' id='word_1_62' title='bbox 237 1174 343 1258; x_wconf 88' lang='lat' dir='ltr'>pedes.</span> <span class='ocrx_word' id='word_1_63' title='bbox 388 1172 460 1236; x_wconf 91' lang='lat' dir='ltr'>ideo</span> <span class='ocrx_word' id='word_1_64' title='bbox 482 1172 640 1237; x_wconf 87' lang='lat' dir='ltr'>conducta</span> <span class='ocrx_word' id='word_1_65' title='bbox 662 1173 781 1238; x_wconf 88' lang='lat' dir='ltr'>Paulus</span> <span class='ocrx_word' id='word_1_66' title='bbox 802 1175 920 1259; x_wconf 84' lang='lat' dir='ltr'>agebat</span> 
     </span>
    </p>

    <p class='ocr_par' dir='ltr' id='par_1_11' title="bbox 139 1275 1086 1364">
     <span class='ocr_line' id='line_1_11' title="bbox 139 1275 1086 1364; baseline 0.006 -25"><span class='ocrx_word' id='word_1_67' title='bbox 139 1276 342 1361; x_wconf 87' lang='lat' dir='ltr'>sardonyche,</span> <span class='ocrx_word' id='word_1_68' title='bbox 366 1279 464 1359; x_wconf 88' lang='lat' dir='ltr'>atque</span> <span class='ocrx_word' id='word_1_69' title='bbox 486 1275 559 1340; x_wconf 94' lang='lat' dir='ltr'>ideo</span> <span class='ocrx_word' id='word_1_70' title='bbox 581 1277 683 1361; x_wconf 89' lang='lat' dir='ltr'>pluris</span> <span class='ocrx_word' id='word_1_71' title='bbox 706 1300 804 1362; x_wconf 90' lang='lat' dir='ltr'>quam</span> <span class='ocrx_word' id='word_1_72' title='bbox 826 1278 937 1343; x_wconf 85' lang='lat' dir='ltr'>Gallus</span> <span class='ocrx_word' id='word_1_73' title='bbox 960 1281 1086 1364; x_wconf 89' lang='lat' dir='ltr'>agebat,</span> 
     </span>
    </p>

    <p class='ocr_par' dir='ltr' id='par_1_12' title="bbox 140 1378 1251 1467">
     <span class='ocr_line' id='line_1_12' title="bbox 140 1378 1251 1467; baseline 0.003 -25"><span class='ocrx_word' id='word_1_74' title='bbox 140 1401 237 1464; x_wconf 90' lang='lat' dir='ltr'>quam</span> <span class='ocrx_word' id='word_1_75' title='bbox 259 1378 392 1443; x_wconf 80' lang='lat' dir='ltr'>Basilus</span> <span class='ocrx_word' id='word_1_76' title='bbox 437 1401 509 1442; x_wconf 88' lang='lat' dir='ltr'>rara</span> <span class='ocrx_word' id='word_1_77' title='bbox 530 1379 564 1442; x_wconf 90' lang='lat' dir='ltr'>in</span> <span class='ocrx_word' id='word_1_78' title='bbox 587 1380 679 1444; x_wconf 90' lang='lat' dir='ltr'>tenui</span> <span class='ocrx_word' id='word_1_79' title='bbox 702 1381 852 1445; x_wconf 70' lang='lat' dir='ltr'>facundia</span> <span class='ocrx_word' id='word_1_80' title='bbox 874 1404 989 1467; x_wconf 90' lang='lat' dir='ltr'>panno.</span> <span class='ocrx_word' id='word_1_81' title='bbox 1206 1394 1251 1464; x_wconf 57' lang='lat'>¹145</span> 
     </span>
    </p>

    <p class='ocr_par' dir='ltr' id='par_1_13' title="bbox 137 1481 1025 1569">
     <span class='ocr_line' id='line_1_13' title="bbox 137 1481 1025 1569; baseline 0.008 -24"><span class='ocrx_word' id='word_1_82' title='bbox 137 1481 267 1567; x_wconf 90' lang='lat' dir='ltr'>quando</span> <span class='ocrx_word' id='word_1_83' title='bbox 288 1482 363 1546; x_wconf 91' lang='lat' dir='ltr'>licet</span> <span class='ocrx_word' id='word_1_84' title='bbox 385 1483 492 1545; x_wconf 91' lang='lat' dir='ltr'>Basilo</span> <span class='ocrx_word' id='word_1_85' title='bbox 514 1482 647 1548; x_wconf 89' lang='lat' dir='ltr'>flentem</span> <span class='ocrx_word' id='word_1_86' title='bbox 669 1484 844 1569; x_wconf 87' lang='lat' dir='ltr'>producere</span> <span class='ocrx_word' id='word_1_87' title='bbox 866 1491 1025 1552; x_wconf 76' lang='lat' dir='ltr'>matremi</span> 
     </span>
    </p>

    <p class='ocr_par' dir='ltr' id='par_1_14' title="bbox 137 1570 1004 1674">
     <span class='ocr_line' id='line_1_14' title="bbox 137 1570 1004 1674; baseline 0.007 -27"><span class='ocrx_word' id='word_1_88' title='bbox 137 1584 208 1668; x_wconf 91' lang='lat' dir='ltr'>quis</span> <span class='ocrx_word' id='word_1_89' title='bbox 230 1585 312 1648; x_wconf 91' lang='lat' dir='ltr'>bene</span> <span class='ocrx_word' id='word_1_90' title='bbox 335 1570 497 1647; x_wconf 87' lang='lat' dir='ltr'>dicentem</span> <span class='ocrx_word' id='word_1_91' title='bbox 519 1584 664 1648; x_wconf 91' lang='lat' dir='ltr'>Basilum</span> <span class='ocrx_word' id='word_1_92' title='bbox 687 1585 791 1650; x_wconf 75' lang='lat' dir='ltr'>feratt</span> <span class='ocrx_word' id='word_1_93' title='bbox 813 1588 950 1674; x_wconf 91' lang='lat' dir='ltr'>accipiat</span> <span class='ocrx_word' id='word_1_94' title='bbox 970 1597 1004 1653; x_wconf 90' lang='lat' dir='ltr'>te</span> 
     </span>
    </p>

    <p class='ocr_par' dir='ltr' id='par_1_15' title="bbox 137 1686 881 1771">
     <span class='ocr_line' id='line_1_15' title="bbox 137 1686 881 1771; baseline 0.004 -21"><span class='ocrx_word' id='word_1_95' title='bbox 137 1686 241 1750; x_wconf 81' lang='lat' dir='ltr'>Galba</span> <span class='ocrx_word' id='word_1_96' title='bbox 263 1687 315 1750; x_wconf 88' lang='lat' dir='ltr'>vel</span> <span class='ocrx_word' id='word_1_97' title='bbox 336 1686 443 1771; x_wconf 89' lang='lat' dir='ltr'>potius</span> <span class='ocrx_word' id='word_1_98' title='bbox 465 1687 628 1750; x_wconf 88' lang='lat' dir='ltr'>nutricula</span> <span class='ocrx_word' id='word_1_99' title='bbox 649 1688 881 1753; x_wconf 86' lang='lat' dir='ltr'>causidicorum</span> 
     </span>
    </p>

    <p class='ocr_par' dir='ltr' id='par_1_16' title="bbox 135 1789 1248 1980">
     <span class='ocr_line' id='line_1_16' title="bbox 135 1789 1240 1884; baseline 0.006 -32"><span class='ocrx_word' id='word_1_100' title='bbox 135 1789 253 1865; x_wconf 86' lang='lat' dir='ltr'>Africa,</span> <span class='ocrx_word' id='word_1_101' title='bbox 278 1791 305 1854; x_wconf 92' lang='lat' dir='ltr'>si</span> <span class='ocrx_word' id='word_1_102' title='bbox 327 1790 448 1875; x_wconf 86' lang='lat' dir='ltr'>placuit</span> <span class='ocrx_word' id='word_1_103' title='bbox 470 1790 652 1855; x_wconf 87' lang='lat' dir='ltr'>mercedem</span> <span class='ocrx_word' id='word_1_104' title='bbox 673 1813 792 1876; x_wconf 90' lang='lat' dir='ltr'>ponere</span> <span class='ocrx_word' id='word_1_105' title='bbox 815 1793 952 1878; x_wconf 85' lang='lat' dir='ltr'>linguae.</span> <span class='ocrx_word' id='word_1_106' title='bbox 1193 1879 1195 1884; x_wconf 68' lang='lat'>,</span> <span class='ocrx_word' id='word_1_107' title='bbox 1237 1862 1240 1869; x_wconf 74' lang='grc'><strong>,</strong></span> 
     </span>
     <span class='ocr_line' id='line_1_17' title="bbox 221 1893 1248 1980; baseline 0 -22"><span class='ocrx_word' id='word_1_108' title='bbox 221 1893 409 1958; x_wconf 90' lang='lat' dir='ltr'>Declamare</span> <span class='ocrx_word' id='word_1_109' title='bbox 433 1894 550 1958; x_wconf 70' lang='lat' dir='ltr'>doces?</span> <span class='ocrx_word' id='word_1_110' title='bbox 573 1917 591 1959; x_wconf 95' lang='lat' dir='ltr'>o</span> <span class='ocrx_word' id='word_1_111' title='bbox 613 1894 716 1959; x_wconf 87' lang='lat' dir='ltr'>ferrea</span> <span class='ocrx_word' id='word_1_112' title='bbox 736 1903 868 1980; x_wconf 90' lang='lat' dir='ltr'>pectora</span> <span class='ocrx_word' id='word_1_113' title='bbox 888 1896 989 1975; x_wconf 83' lang='lat' dir='ltr'>Vetti,</span> <span class='ocrx_word' id='word_1_114' title='bbox 1204 1913 1248 1978; x_wconf 80' lang='lat'>150</span> 
     </span>
    </p>

    <p class='ocr_par' dir='ltr' id='par_1_17' title="bbox 134 1997 1167 2084">
     <span class='ocr_line' id='line_1_18' title="bbox 134 1997 1167 2084; baseline 0.001 -23"><span class='ocrx_word' id='word_1_115' title='bbox 134 2001 188 2062; x_wconf 91' lang='lat' dir='ltr'>cui</span> <span class='ocrx_word' id='word_1_116' title='bbox 230 1997 362 2083; x_wconf 87' lang='lat' dir='ltr'>perimit</span> <span class='ocrx_word' id='word_1_117' title='bbox 390 2018 499 2061; x_wconf 88' lang='lat' dir='ltr'>saevos</span> <span class='ocrx_word' id='word_1_118' title='bbox 522 1997 628 2062; x_wconf 82' lang='lat' dir='ltr'>classis</span> <span class='ocrx_word' id='word_1_119' title='bbox 650 2020 819 2062; x_wconf 87' lang='lat' dir='ltr'>numerosa</span> <span class='ocrx_word' id='word_1_120' title='bbox 840 2003 1009 2084; x_wconf 84' lang='lat' dir='ltr'>tyrannos!</span> <span class='ocrx_word' id='word_1_121' title='bbox 1163 2004 1167 2010; x_wconf 84' lang='grc'>’</span> 
     </span>
    </p>

    <p class='ocr_par' dir='ltr' id='par_1_18' title="bbox 134 2100 1187 2186">
     <span class='ocr_line' id='line_1_19' title="bbox 134 2100 1187 2186; baseline 0.007 -22"><span class='ocrx_word' id='word_1_122' title='bbox 134 2123 210 2164; x_wconf 92' lang='lat' dir='ltr'>nam</span> <span class='ocrx_word' id='word_1_123' title='bbox 226 2124 447 2186; x_wconf 88' lang='lat' dir='ltr'>quaecumque</span> <span class='ocrx_word' id='word_1_124' title='bbox 462 2100 576 2166; x_wconf 88' lang='lat' dir='ltr'>sedens</span> <span class='ocrx_word' id='word_1_125' title='bbox 590 2101 685 2166; x_wconf 92' lang='lat' dir='ltr'>modo</span> <span class='ocrx_word' id='word_1_126' title='bbox 707 2101 837 2186; x_wconf 85' lang='lat' dir='ltr'>legerat,</span> <span class='ocrx_word' id='word_1_127' title='bbox 860 2102 939 2166; x_wconf 92' lang='lat' dir='ltr'>haec</span> <span class='ocrx_word' id='word_1_128' title='bbox 961 2101 1073 2166; x_wconf 86' lang='lat' dir='ltr'>eadem</span> <span class='ocrx_word' id='word_1_129' title='bbox 1094 2112 1187 2172; x_wconf 87' lang='lat' dir='ltr'>stans</span> 
     </span>
    </p>

    <p class='ocr_par' dir='ltr' id='par_1_19' title="bbox 134 2204 1005 2290">
     <span class='ocr_line' id='line_1_20' title="bbox 134 2204 1005 2290; baseline 0.001 -23"><span class='ocrx_word' id='word_1_130' title='bbox 134 2204 273 2288; x_wconf 87' lang='lat' dir='ltr'>perferet</span> <span class='ocrx_word' id='word_1_131' title='bbox 296 2212 395 2290; x_wconf 91' lang='lat' dir='ltr'>atque</span> <span class='ocrx_word' id='word_1_132' title='bbox 418 2205 531 2270; x_wconf 88' lang='lat' dir='ltr'>eadem</span> <span class='ocrx_word' id='word_1_133' title='bbox 553 2205 698 2269; x_wconf 89' lang='lat' dir='ltr'>cantabit</span> <span class='ocrx_word' id='word_1_134' title='bbox 719 2206 864 2270; x_wconf 89' lang='lat' dir='ltr'>versibus</span> <span class='ocrx_word' id='word_1_135' title='bbox 885 2205 986 2269; x_wconf 90' lang='lat' dir='ltr'>isdem</span> <span class='ocrx_word' id='word_1_136' title='bbox 997 2229 1005 2288; x_wconf 78' lang='lat'>3</span> 
     </span>
    </p>

    <p class='ocr_par' dir='ltr' id='par_1_20' title="bbox 135 2306 908 2392">
     <span class='ocr_line' id='line_1_21' title="bbox 135 2306 908 2392; baseline 0.003 -22"><span class='ocrx_word' id='word_1_137' title='bbox 135 2307 248 2371; x_wconf 88' lang='lat' dir='ltr'>occidit</span> <span class='ocrx_word' id='word_1_138' title='bbox 270 2307 402 2371; x_wconf 87' lang='lat' dir='ltr'>miseros</span> <span class='ocrx_word' id='word_1_139' title='bbox 425 2309 552 2371; x_wconf 88' lang='lat' dir='ltr'>crambe</span> <span class='ocrx_word' id='word_1_140' title='bbox 574 2306 713 2391; x_wconf 88' lang='lat' dir='ltr'>repetita</span> <span class='ocrx_word' id='word_1_141' title='bbox 733 2307 908 2392; x_wconf 81' lang='lat' dir='ltr'>magistros</span> 
     </span>
    </p>

    <p class='ocr_par' dir='ltr' id='par_1_21' title="bbox 134 2411 1239 2496">
     <span class='ocr_line' id='line_1_22' title="bbox 134 2411 1239 2496; baseline 0.003 -23"><span class='ocrx_word' id='word_1_142' title='bbox 134 2411 206 2496; x_wconf 89' lang='lat' dir='ltr'>quis</span> <span class='ocrx_word' id='word_1_143' title='bbox 232 2411 316 2475; x_wconf 88' lang='lat' dir='ltr'>color</span> <span class='ocrx_word' id='word_1_144' title='bbox 338 2419 372 2474; x_wconf 90' lang='lat' dir='ltr'>et</span> <span class='ocrx_word' id='word_1_145' title='bbox 394 2411 480 2496; x_wconf 88' lang='lat' dir='ltr'>quod</span> <span class='ocrx_word' id='word_1_146' title='bbox 504 2411 546 2474; x_wconf 91' lang='lat' dir='ltr'>sit</span> <span class='ocrx_word' id='word_1_147' title='bbox 570 2433 683 2475; x_wconf 90' lang='lat' dir='ltr'>causae</span> <span class='ocrx_word' id='word_1_148' title='bbox 708 2432 810 2496; x_wconf 89' lang='lat' dir='ltr'>genus</span> <span class='ocrx_word' id='word_1_149' title='bbox 835 2419 933 2496; x_wconf 88' lang='lat' dir='ltr'>atque</span> <span class='ocrx_word' id='word_1_150' title='bbox 958 2411 1016 2476; x_wconf 91' lang='lat' dir='ltr'>ubi</span> <span class='ocrx_word' id='word_1_151' title='bbox 1039 2433 1169 2479; x_wconf 91' lang='lat' dir='ltr'>summa</span> <span class='ocrx_word' id='word_1_152' title='bbox 1197 2423 1239 2496; x_wconf 70' lang='lat'>155</span> 
     </span>
    </p>

    <p class='ocr_par' dir='ltr' id='par_1_22' title="bbox 134 2514 994 2600">
     <span class='ocr_line' id='line_1_23' title="bbox 134 2514 994 2600; baseline 0.001 -23"><span class='ocrx_word' id='word_1_153' title='bbox 134 2516 286 2598; x_wconf 89' lang='lat' dir='ltr'>quaestio,</span> <span class='ocrx_word' id='word_1_154' title='bbox 310 2537 392 2599; x_wconf 87' lang='lat' dir='ltr'>quae</span> <span class='ocrx_word' id='word_1_155' title='bbox 414 2515 547 2579; x_wconf 90' lang='lat' dir='ltr'>veniant</span> <span class='ocrx_word' id='word_1_156' title='bbox 575 2514 718 2579; x_wconf 89' lang='lat' dir='ltr'>diversae</span> <span class='ocrx_word' id='word_1_157' title='bbox 744 2516 825 2579; x_wconf 84' lang='lat' dir='ltr'>forte</span> <span class='ocrx_word' id='word_1_158' title='bbox 849 2516 994 2600; x_wconf 87' lang='lat' dir='ltr'>sagittae,</span> 
     </span>
    </p>

    <p class='ocr_par' dir='ltr' id='par_1_23' title="bbox 134 2618 963 2697">
     <span class='ocr_line' id='line_1_24' title="bbox 134 2618 963 2697; baseline 0.005 -16"><span class='ocrx_word' id='word_1_159' title='bbox 134 2641 226 2683; x_wconf 88' lang='lat' dir='ltr'>nosse</span> <span class='ocrx_word' id='word_1_160' title='bbox 250 2619 352 2682; x_wconf 87' lang='lat' dir='ltr'>velint</span> <span class='ocrx_word' id='word_1_161' title='bbox 375 2641 492 2697; x_wconf 70' lang='lat' dir='ltr'>omnes</span> <span class='ocrx_word' id='word_1_162' title='bbox 516 2618 696 2682; x_wconf 88' lang='lat' dir='ltr'>mercedem</span> <span class='ocrx_word' id='word_1_163' title='bbox 718 2619 838 2684; x_wconf 88' lang='lat' dir='ltr'>solvere</span> <span class='ocrx_word' id='word_1_164' title='bbox 860 2642 963 2685; x_wconf 90' lang='lat' dir='ltr'>nemo.</span> 
     </span>
    </p>

    <p class='ocr_par' dir='ltr' id='par_1_24' title="bbox 136 2721 1154 2809">
     <span class='ocr_line' id='line_1_25' title="bbox 136 2721 1154 2809; baseline 0.008 -25"><span class='ocrx_word' id='word_1_165' title='bbox 136 2722 333 2786; x_wconf 86' lang='lat' dir='ltr'>‘mercedem</span> <span class='ocrx_word' id='word_1_166' title='bbox 355 2722 519 2807; x_wconf 71' lang='lat' dir='ltr'>appellas?</span> <span class='ocrx_word' id='word_1_167' title='bbox 542 2721 621 2805; x_wconf 88' lang='lat' dir='ltr'>quid</span> <span class='ocrx_word' id='word_1_168' title='bbox 643 2721 731 2784; x_wconf 91' lang='lat' dir='ltr'>enim</span> <span class='ocrx_word' id='word_1_169' title='bbox 753 2722 818 2786; x_wconf 92' lang='lat' dir='ltr'>scio</span> <span class='ocrx_word' id='word_1_170' title='bbox 828 2723 847 2785; x_wconf 74' lang='lat' dir='ltr'>t’</span> <span class='ocrx_word' id='word_1_171' title='bbox 871 2724 988 2809; x_wconf 90' lang='lat' dir='ltr'>“culpa</span> <span class='ocrx_word' id='word_1_172' title='bbox 1010 2724 1154 2792; x_wconf 87' lang='lat' dir='ltr'>docentis</span> 
     </span>
    </p>

    <p class='ocr_par' dir='ltr' id='par_1_25' title="bbox 135 2823 1049 2910">
     <span class='ocr_line' id='line_1_26' title="bbox 135 2823 1049 2910; baseline 0.004 -23"><span class='ocrx_word' id='word_1_173' title='bbox 135 2824 255 2888; x_wconf 87' lang='lat' dir='ltr'>scilicet</span> <span class='ocrx_word' id='word_1_174' title='bbox 278 2825 431 2908; x_wconf 86' lang='lat' dir='ltr'>arguitur,</span> <span class='ocrx_word' id='word_1_175' title='bbox 457 2823 543 2908; x_wconf 91' lang='lat' dir='ltr'>quod</span> <span class='ocrx_word' id='word_1_176' title='bbox 569 2824 776 2910; x_wconf 89' lang='lat' dir='ltr'>laevaparte</span> <span class='ocrx_word' id='word_1_177' title='bbox 799 2826 962 2892; x_wconf 89' lang='lat' dir='ltr'>mamillae</span> <span class='ocrx_word' id='word_1_178' title='bbox 1047 2903 1049 2908; x_wconf 36' lang='grc'><strong>,</strong></span> 
     </span>
    </p>

    <p class='ocr_par' dir='ltr' id='par_1_26' title="bbox 133 2927 1234 3006">
     <span class='ocr_line' id='line_1_27' title="bbox 133 2927 1234 3006; baseline -0.001 -15"><span class='ocrx_word' id='word_1_179' title='bbox 133 2928 179 2991; x_wconf 90' lang='lat' dir='ltr'>nil</span> <span class='ocrx_word' id='word_1_180' title='bbox 203 2929 277 2992; x_wconf 90' lang='lat' dir='ltr'>salit</span> <span class='ocrx_word' id='word_1_181' title='bbox 299 2928 454 2992; x_wconf 87' lang='lat' dir='ltr'>Arcadico</span> <span class='ocrx_word' id='word_1_182' title='bbox 484 2927 603 3006; x_wconf 89' lang='lat' dir='ltr'>iuveni,</span> <span class='ocrx_word' id='word_1_183' title='bbox 634 2928 724 2992; x_wconf 89' lang='lat' dir='ltr'>cuius</span> <span class='ocrx_word' id='word_1_184' title='bbox 747 2929 829 2993; x_wconf 92' lang='lat' dir='ltr'>mihi</span> <span class='ocrx_word' id='word_1_185' title='bbox 852 2938 942 2995; x_wconf 88' lang='lat' dir='ltr'>sexta</span> <span class='ocrx_word' id='word_1_186' title='bbox 1192 2928 1234 2992; x_wconf 80' lang='lat'>160</span> 
     </span>
    </p>

    <p class='ocr_par' dir='ltr' id='par_1_27' title="bbox 133 3032 1079 3121">
     <span class='ocr_line' id='line_1_28' title="bbox 133 3032 1079 3121; baseline 0.006 -26"><span class='ocrx_word' id='word_1_187' title='bbox 133 3055 259 3117; x_wconf 90' lang='lat' dir='ltr'>quaque</span> <span class='ocrx_word' id='word_1_188' title='bbox 285 3033 337 3097; x_wconf 92' lang='lat' dir='ltr'>die</span> <span class='ocrx_word' id='word_1_189' title='bbox 362 3032 515 3096; x_wconf 89' lang='lat' dir='ltr'>miserum</span> <span class='ocrx_word' id='word_1_190' title='bbox 541 3032 629 3095; x_wconf 88' lang='lat' dir='ltr'>dirus</span> <span class='ocrx_word' id='word_1_191' title='bbox 652 3041 749 3119; x_wconf 92' lang='lat' dir='ltr'>caput</span> <span class='ocrx_word' id='word_1_192' title='bbox 778 3033 920 3098; x_wconf 84' lang='lat' dir='ltr'>Annibal</span> <span class='ocrx_word' id='word_1_193' title='bbox 945 3036 1079 3121; x_wconf 83' lang='lat' dir='ltr'>implet3</span> 
     </span>
    </p>

    <p class='ocr_par' dir='ltr' id='par_1_28' title="bbox 133 3135 1099 3224">
     <span class='ocr_line' id='line_1_29' title="bbox 133 3135 1099 3224; baseline 0.005 -25"><span class='ocrx_word' id='word_1_194' title='bbox 133 3137 289 3221; x_wconf 90' lang='lat' dir='ltr'>quidquid</span> <span class='ocrx_word' id='word_1_195' title='bbox 312 3136 346 3200; x_wconf 92' lang='lat' dir='ltr'>id</span> <span class='ocrx_word' id='word_1_196' title='bbox 373 3145 429 3212; x_wconf 90' lang='lat' dir='ltr'>est,</span> <span class='ocrx_word' id='word_1_197' title='bbox 458 3135 585 3220; x_wconf 90' lang='lat' dir='ltr'>dequo</span> <span class='ocrx_word' id='word_1_198' title='bbox 609 3136 773 3214; x_wconf 87' lang='lat' dir='ltr'>deliberat,</span> <span class='ocrx_word' id='word_1_199' title='bbox 805 3160 847 3202; x_wconf 90' lang='lat' dir='ltr'>an</span> <span class='ocrx_word' id='word_1_200' title='bbox 870 3147 961 3224; x_wconf 88' lang='lat' dir='ltr'>petat</span> <span class='ocrx_word' id='word_1_201' title='bbox 985 3141 1099 3204; x_wconf 90' lang='lat' dir='ltr'>urbem</span> 
     </span>
    </p>

    <p class='ocr_par' dir='ltr' id='par_1_29' title="bbox 133 3238 979 3324">
     <span class='ocr_line' id='line_1_30' title="bbox 133 3238 979 3324; baseline 0.005 -22"><span class='ocrx_word' id='word_1_202' title='bbox 133 3261 153 3302; x_wconf 91' lang='lat' dir='ltr'>a</span> <span class='ocrx_word' id='word_1_203' title='bbox 177 3239 304 3316; x_wconf 82' lang='lat' dir='ltr'>Cannis,</span> <span class='ocrx_word' id='word_1_204' title='bbox 330 3262 372 3302; x_wconf 90' lang='lat' dir='ltr'>an</span> <span class='ocrx_word' id='word_1_205' title='bbox 395 3247 468 3324; x_wconf 91' lang='lat' dir='ltr'>post</span> <span class='ocrx_word' id='word_1_206' title='bbox 495 3238 622 3303; x_wconf 91' lang='lat' dir='ltr'>nimbos</span> <span class='ocrx_word' id='word_1_207' title='bbox 648 3248 684 3304; x_wconf 87' lang='lat' dir='ltr'>et</span> <span class='ocrx_word' id='word_1_208' title='bbox 705 3240 843 3304; x_wconf 86' lang='lat' dir='ltr'>fulmina</span> <span class='ocrx_word' id='word_1_209' title='bbox 867 3250 979 3306; x_wconf 89' lang='lat' dir='ltr'>cautus</span> 
     </span>
    </p>

    <p class='ocr_par' dir='ltr' id='par_1_30' title="bbox 133 3342 951 3427">
     <span class='ocr_line' id='line_1_31' title="bbox 133 3342 951 3427; baseline 0.005 -22"><span class='ocrx_word' id='word_1_210' title='bbox 133 3343 328 3427; x_wconf 86' lang='lat' dir='ltr'>circumagat</span> <span class='ocrx_word' id='word_1_211' title='bbox 353 3342 499 3406; x_wconf 88' lang='lat' dir='ltr'>madidas</span> <span class='ocrx_word' id='word_1_212' title='bbox 525 3363 545 3405; x_wconf 87' lang='lat' dir='ltr'>a</span> <span class='ocrx_word' id='word_1_213' title='bbox 573 3350 768 3427; x_wconf 84' lang='lat' dir='ltr'>tempestate</span> <span class='ocrx_word' id='word_1_214' title='bbox 799 3344 951 3410; x_wconf 91' lang='lat' dir='ltr'>cohortes.</span> 
     </span>
    </p>

    <p class='ocr_par' dir='ltr' id='par_1_31' title="bbox 133 3440 1232 3533">
     <span class='ocr_line' id='line_1_32' title="bbox 133 3440 1232 3533; baseline 0.009 -25"><span class='ocrx_word' id='word_1_215' title='bbox 133 3454 291 3530; x_wconf 90' lang='lat' dir='ltr'>quantum</span> <span class='ocrx_word' id='word_1_216' title='bbox 314 3446 362 3510; x_wconf 87' lang='lat' dir='ltr'>vis</span> <span class='ocrx_word' id='word_1_217' title='bbox 386 3446 548 3531; x_wconf 89' lang='lat' dir='ltr'>stipulare,</span> <span class='ocrx_word' id='word_1_218' title='bbox 574 3453 608 3509; x_wconf 91' lang='lat' dir='ltr'>et</span> <span class='ocrx_word' id='word_1_219' title='bbox 630 3447 778 3531; x_wconf 90' lang='lat' dir='ltr'>protinus</span> <span class='ocrx_word' id='word_1_220' title='bbox 804 3448 919 3533; x_wconf 88' lang='lat' dir='ltr'>accipe,</span> <span class='ocrx_word' id='word_1_221' title='bbox 944 3445 1031 3533; x_wconf 91' lang='lat' dir='ltr'>quod</span> <span class='ocrx_word' id='word_1_222' title='bbox 1054 3449 1102 3527; x_wconf 88' lang='lat' dir='ltr'>dc,</span> <span class='ocrx_word' id='word_1_223' title='bbox 1193 3440 1232 3518; x_wconf 76' lang='lat'>1⁶5</span> 
     </span>
    </p>

    <p class='ocr_par' dir='ltr' id='par_1_32' title="bbox 133 3550 994 3636">
     <span class='ocr_line' id='line_1_33' title="bbox 133 3550 994 3636; baseline 0.002 -22"><span class='ocrx_word' id='word_1_224' title='bbox 133 3560 171 3615; x_wconf 88' lang='lat' dir='ltr'>ut</span> <span class='ocrx_word' id='word_1_225' title='bbox 197 3550 316 3615; x_wconf 90' lang='lat' dir='ltr'>totiens</span> <span class='ocrx_word' id='word_1_226' title='bbox 338 3552 431 3615; x_wconf 92' lang='lat' dir='ltr'>illum</span> <span class='ocrx_word' id='word_1_227' title='bbox 456 3559 550 3636; x_wconf 91' lang='lat' dir='ltr'>pater</span> <span class='ocrx_word' id='word_1_228' title='bbox 573 3551 707 3617; x_wconf 89' lang='lat' dir='ltr'>audiat.”</span> <span class='ocrx_word' id='word_1_229' title='bbox 751 3552 831 3616; x_wconf 91' lang='lat' dir='ltr'>haec</span> <span class='ocrx_word' id='word_1_230' title='bbox 856 3552 912 3616; x_wconf 87' lang='lat' dir='ltr'>alii</span> <span class='ocrx_word' id='word_1_231' title='bbox 937 3575 994 3616; x_wconf 86' lang='lat' dir='ltr'>sex</span> 
     </span>
    </p>

    <p class='ocr_par' dir='ltr' id='par_1_33' title="bbox 133 3653 904 3740">
     <span class='ocr_line' id='line_1_34' title="bbox 133 3653 904 3740; baseline 0.005 -23"><span class='ocrx_word' id='word_1_232' title='bbox 133 3653 184 3718; x_wconf 88' lang='lat' dir='ltr'>vel</span> <span class='ocrx_word' id='word_1_233' title='bbox 207 3654 313 3739; x_wconf 87' lang='lat' dir='ltr'>plures</span> <span class='ocrx_word' id='word_1_234' title='bbox 338 3677 403 3719; x_wconf 92' lang='lat' dir='ltr'>uno</span> <span class='ocrx_word' id='word_1_235' title='bbox 429 3654 628 3719; x_wconf 89' lang='lat' dir='ltr'>conclamant</span> <span class='ocrx_word' id='word_1_236' title='bbox 654 3677 707 3720; x_wconf 92' lang='lat' dir='ltr'>ore</span> <span class='ocrx_word' id='word_1_237' title='bbox 734 3656 904 3740; x_wconf 88' lang='lat' dir='ltr'>sophistae,</span> 
     </span>
    </p>

    <p class='ocr_par' dir='ltr' id='par_1_34' title="bbox 132 3758 832 3844">
     <span class='ocr_line' id='line_1_35' title="bbox 132 3758 832 3844; baseline 0.006 -25"><span class='ocrx_word' id='word_1_238' title='bbox 132 3765 165 3820; x_wconf 91' lang='lat' dir='ltr'>et</span> <span class='ocrx_word' id='word_1_239' title='bbox 188 3778 279 3822; x_wconf 85' lang='lat' dir='ltr'>veras</span> <span class='ocrx_word' id='word_1_240' title='bbox 305 3759 431 3844; x_wconf 86' lang='lat' dir='ltr'>agitant</span> <span class='ocrx_word' id='word_1_241' title='bbox 454 3758 532 3835; x_wconf 89' lang='lat' dir='ltr'>lites</span> <span class='ocrx_word' id='word_1_242' title='bbox 551 3766 679 3844; x_wconf 88' lang='lat' dir='ltr'>raptore</span> <span class='ocrx_word' id='word_1_243' title='bbox 702 3759 832 3840; x_wconf 80' lang='lat' dir='ltr'>relict03</span> 
     </span>
    </p>
   </div>
   <div class='ocr_carea' id='block_1_3' title="bbox 0 0 1264 4266">
    <p class='ocr_par' dir='ltr' id='par_1_35' title="bbox 0 0 1264 4266">
     <span class='ocr_line' id='line_1_36' title="bbox 0 0 1264 4266; baseline 0 2"><span class='ocrx_word' id='word_1_244' title='bbox 0 0 1264 4266; x_wconf 95' lang='lat' dir='ltr'> </span> 
     </span>
    </p>
   </div>
  </div>
 </body>
</html>
