2550 4266
648 114 713 196 XI

144 301 361 378 cognatorum
383 292 498 379 aliquis
519 292 616 361 titulo
637 304 689 362 ter
710 296 847 365 consulis
868 310 970 390 atque·

143 406 327 463 castrorum
348 398 490 483 imperiis
512 408 546 464 et
567 399 730 466 dictatoris
752 402 870 470 honore

142 492 281 565 functus
302 500 344 566 ad
365 502 423 566 has
444 502 555 586 epulas
577 502 670 568 solito
691 507 849 574 maturius
870 507 948 589 ibat,

142 612 293 669 erectum
315 605 437 670 domito
458 606 597 671 referens
619 626 640 671 a
659 618 770 674 monte
792 600 939 697 ligonem.

89 705 224 776 90011111
246 715 423 773 tremerent
445 718 555 774 autern
577 710 694 777 Fabios
716 712 898 801 durumque
921 716 1078 782 Catonem

143 817 181 874 et
203 811 340 876 Scauros
361 822 396 877 et
417 813 586 891 Fabricios,
608 824 771 899 postremo
793 840 919 884 severos

144 916 288 980 censoris
311 940 414 1004 mores
436 917 535 982 etiarn
557 919 679 1004 collega
700 920 839 999 timeret,

143 1035 243 1084 nemo
264 1019 351 1084 inter
372 1042 462 1085 curas
485 1029 519 1086 et
540 1021 623 1086 seria
644 1022 738 1088 duxit
759 1025 952 1110 habendum,

146 1121 250 1204 qualis
272 1123 308 1188 in
329 1123 456 1189 Oceano
478 1124 580 1189 fluctu
601 1125 730 1191 testudo
751 1134 888 1204 nataret,

89 1217 132 1288 95
146 1225 268 1290 clarum
289 1228 477 1313 Troiugenis
498 1228 623 1295 factura
644 1237 677 1314 at
698 1229 807 1295 nobile
828 1231 975 1310 fulcrum,

146 1331 201 1394 sed
221 1330 309 1396 nudo
331 1333 431 1398 latere
454 1340 487 1398 et
508 1333 615 1418 parvis
636 1334 722 1399 frons
744 1355 837 1400 aerea
858 1336 948 1402 lectis

146 1433 207 1499 vile
229 1437 370 1501 coronati
393 1446 490 1522 caput
512 1437 702 1502 ostendebat
722 1437 821 1515 aselli,

147 1538 185 1602 ad
207 1537 294 1623 quod
315 1540 425 1604 lascivi
447 1541 603 1605 ludebant
624 1540 706 1604 ruris
727 1535 858 1607 alumni.

146 1639 236 1724 [tales
259 1664 333 1729 ergo
356 1644 428 1722 cibi,
451 1644 553 1730 qualis
576 1644 689 1708 domus
711 1651 809 1730 atque
832 1642 998 1729 supellea]

90 1744 221 1811 ootunc
243 1747 331 1812 rudis
354 1756 387 1813 et
404 1747 521 1813 'Graias
542 1747 652 1813 mirari
674 1747 799 1812 nescius
820 1757 905 1812 artes

145 1849 276 1915 urbibus
298 1847 415 1916 eversis
436 1851 627 1936 praedarum
648 1851 683 1914 in
704 1859 796 1936 parte
817 1860 946 1936 reperta

144 1975 333 2038 magnorum
354 1954 515 2018 artificum
536 1955 704 2039 frangebat
721 1954 836 2039 pocula
857 1953 958 2031 miles,

144 2066 180 2121 ut
200 2057 341 2143 phaleris
361 2057 517 2143 gauderet
539 2079 613 2124 ecus
635 2058 821 2145 caelataque
842 2060 938 2124 cassis

143 2162 318 2228 Romuleae
342 2164 512 2228 simulacra
532 2162 619 2227 ferae
640 2184 859 2227 mansuescere
881 2162 986 2228 iussae

89 2275 129 2347 05
142 2265 269 2354 imperii
290 2267 365 2345 fato,
388 2267 531 2353 geminos
553 2266 613 2330 sub
635 2287 715 2351 rupe
738 2265 897 2346 Quirinos,

141 2391 176 2435 ac
198 2369 322 2434 nudam
345 2370 483 2455 effigiem
505 2369 607 2455 clipeo
628 2368 789 2434 venientis
810 2377 845 2433 et
862 2369 959 2432 basta

140 2472 374 2558 pendentisque
397 2472 449 2536 dei
470 2471 615 2556 perituro
637 2470 819 2536 ostenderet
842 2471 934 2539 hosti

138 2577 305 2660 ponebant
324 2576 425 2661 igitur
449 2574 552 2639 Tusco
573 2575 693 2639 farrata
716 2574 839 2655 catino;
872 2644 874 2648 ,

138 2682 264 2768 argenti
286 2681 372 2768 quod
394 2687 471 2758 erat,
494 2679 568 2744 solis
589 2678 734 2763 fulgebat
756 2677 792 2742 in
813 2676 920 2744 armis.

89 2804 124 2857 10
138 2786 248 2851 omnia
267 2795 354 2865 tuno,
377 2786 493 2872 quibus
515 2784 667 2860 invideas,
690 2783 718 2848 si
738 2782 890 2846 lividulus
911 2778 961 2846 sis.

137 2889 334 2974 templorum
356 2911 483 2974 quoque
505 2887 655 2951 maiestas
676 2885 874 2970 praesentior
896 2891 929 2948 et
950 2904 1012 2946 vox

136 3001 231 3057 nocte
252 2992 318 3056 iere
340 2991 447 3055 media
467 2988 672 3075 mediamque
694 2987 806 3053 audita
826 3009 884 3073 per
903 2987 1027 3061 urbem,-

136 3096 231 3161 litore
253 3096 303 3159 ab⁴
317 3092 437 3160 Oceani
459 3092 560 3157 Gallis
580 3091 785 3156 venientibus
806 3097 840 3154 et
862 3088 911 3154 dis

136 3197 278 3263 officium
299 3197 382 3262 vatis
403 3195 638 3280 peragentibus.
681 3193 732 3258 his
753 3190 880 3257 monuit
901 3213 968 3270 nos,

89 3312 120 3382 :5
136 3304 220 3368 hano
241 3302 336 3367 rebus
357 3302 458 3366 Latiis
481 3323 590 3366 curam
610 3307 773 3385 praestare
795 3296 917 3361 solebat

136 3405 244 3471 fictilis
267 3413 300 3470 et
321 3405 410 3471 nullo
432 3404 569 3468 violatus
592 3403 747 3487 Iuppiter
760 3422 846 3467 auro.

136 3511 193 3575 illa
214 3508 301 3573 domi
322 3516 415 3572 natas
437 3515 610 3592 nostraque
632 3527 673 3569 ex
695 3503 806 3569 arbore
827 3520 953 3566 mensas
1079 3531 1081 3535 ·
1190 3516 1203 3559 .·

135 3623 281 3697 tempora
302 3612 462 3687 viderunt,
486 3611 544 3675 hos
565 3609 690 3694 lignum
713 3607 819 3671 stabat
840 3605 881 3668 ad
902 3625 988 3682 usus,
1111 3637 1113 3641 ·
1190 3609 1192 3614 “

135 3736 289 3781 annosam
311 3714 338 3778 si
356 3713 441 3779 sorte
463 3729 580 3777 nucem
601 3709 759 3777 deiecerat
781 3727 883 3773 eurus.
