2602 4282
10 536 13 559 Ι
65 457 264 544 aspicimus
288 456 431 543 populos,
457 479 595 544 quorum
617 479 684 522 non
706 458 825 525 sufficit
847 448 913 524 irae

10 566 49 644 io
64 561 244 626 occidisse
265 561 415 646 aliquem,
437 561 494 626 sed
514 569 647 647 pectora
668 561 800 626 brachia
820 563 949 628 vultum

63 665 286 731 crediderint
308 688 411 750 genus
430 687 499 730 esse
524 664 597 730 cibi
641 664 722 751 quid
742 665 863 732 diceret
887 688 962 752 ergo

61 771 128 834 vel
155 792 230 855 quo
258 790 325 833 non
347 769 482 854 fugeret,
507 767 535 832 si
557 790 645 832 nunc
669 769 750 832 baec
773 776 917 835 monstra
940 768 1065 838 videret

60 874 297 960 Pythagoras,
322 872 445 936 cunctis
471 871 665 936 animalibus
690 871 849 938 abstinuit
873 873 931 959 qui

10 1043 14 1073 Β
60 987 259 1066 tamquam
284 978 415 1043 homine
433 985 468 1042 et
488 977 596 1042 ventri
617 975 751 1044 indulsit
767 998 834 1042 non
853 999 949 1046 omne
968 979 1142 1066 legumen?

455 1330 762 1341 *—

557 1585 664 1664 XVI

56 1797 156 1880 Quis
186 1816 363 1860 numerare
387 1798 487 1881 queat
511 1793 614 1859 felicis
639 1794 791 1881 praemia,
816 1793 909 1871 Galli,

56 1899 248 1966 militiae?
271 1920 349 1962 nam
370 1898 398 1962 si
419 1899 601 1962 subeuntur
623 1920 776 1983 prospera
797 1905 909 1977 castra,

10 2060 16 2117 ᾗ
56 2027 126 2070 me
152 2000 320 2088 pavidum
345 2001 486 2086 excipiat
511 2001 651 2065 tironem
676 2009 771 2087 porta
792 2001 931 2066 secundo
1038 2064 1041 2068 ,

10 2122 14 2135 ’
56 2107 192 2173 sidere.
240 2103 315 2190 plus
338 2104 461 2169 etenim
484 2104 545 2168 fati
569 2105 657 2169 valet
680 2105 758 2168 hora
781 2104 923 2190 benigni,

10 2234 41 2304 35
56 2232 175 2297 quam
210 2207 240 2271 si
265 2229 323 2271 nos
345 2207 481 2272 Veneris
504 2208 708 2273 commendet
735 2209 871 2295 epistola
895 2208 995 2273 Marti

10 2306 12 2385 ]
56 2325 99 2383 et
125 2312 251 2379 Samia
273 2311 421 2396 genetrix
444 2333 528 2396 quae
549 2311 728 2376 delectatur
751 2312 878 2377 harena

110 2414 308 2482 Commoda
329 2422 506 2479 tractemus
529 2414 672 2500 primum
695 2415 885 2494 communia,
916 2435 1053 2499 quorum

55 2527 157 2590 haut
181 2519 361 2584 minimum
385 2519 466 2583 illud
490 2519 627 2595 eritne
652 2527 686 2583 te
710 2518 837 2603 pulsare
860 2525 989 2602 togatus

10 2600 21 2691 l
55 2627 210 2703 audeat,
238 2625 339 2687 immo
361 2623 424 2688 etsi
449 2623 605 2708 pulsetur
559 2621 814 2686 urdissimulet
836 2642 897 2685 nec

10 2731 200 2807 toaudeat
230 2748 375 2791 excussos
400 2727 541 2812 praetori
566 2726 734 2790 ostendere
758 2726 871 2790 dentes

10 2864 13 2915 ;
36 2845 97 2902 .et
124 2834 267 2918 nigram
289 2830 324 2894 in
347 2831 429 2895 facie
452 2829 587 2894 tumidis
610 2829 764 2893 livoribus
788 2829 886 2893 offam

55 2953 174 3028 atque
196 2938 331 3002 oculum
354 2937 478 3002 medico
501 2938 549 3001 nil
574 2937 710 3023 promitt
696 2943 787 3001 tenta
813 2935 971 2999 relietum.

54 3045 257 3116 Bardaicus
280 3043 378 3108 iudex
400 3043 497 3108 datur
519 3043 599 3108 haec
620 3042 736 3128 punire
761 3040 884 3106 volenti

31 3132 34 3137 ¹
55 3153 203 3220 calceus
232 3154 266 3212 et
288 3148 424 3232 grandes
448 3171 567 3233 magna
591 3147 633 3211 ad
659 3145 810 3211 subsellia
833 3164 934 3220 surae,

55 3251 374 3343 legibusantiquis
398 3260 575 3316 castrorum
599 3258 632 3314 et
655 3271 744 3314 more
772 3245 900 3313 Camilli

33 3367 214 3446 sservatO,
243 3355 337 3419 miles
363 3377 405 3440 ne
430 3355 554 3419 vallum
576 3354 683 3439 litiget
708 3359 801 3416 extra

56 3477 95 3534 et
120 3461 250 3553 procul
273 3484 293 3526 a
316 3462 422 3546 signis.
467 3461 643 3525 iustissima
666 3458 891 3523 centurionum

55 3569 219 3656 cognitio
245 3573 295 3629 est
317 3565 419 3650 igitur
444 3565 484 3629 de
510 3565 623 3640 milite,
650 3585 710 3626 nec
736 3560 817 3625 mihi
843 3556 928 3623 derit

54 3674 159 3750 ultio,
187 3669 223 3736 si
248 3667 354 3732 iustae
381 3668 525 3732 defertur
551 3689 647 3731 causa
671 3664 851 3750 querellae:
1004 3661 1006 3666 ’

54 3787 135 3844 tota
155 3775 279 3842 cohors
301 3779 413 3835 tamen
437 3778 486 3835 est
509 3769 646 3847 inimica,
672 3787 846 3850 omnesque
871 3762 1006 3848 manipli

36 3918 48 3985 -Ι
57 3901 234 3953 consensu
258 3898 377 3962 magno
403 3876 556 3954 efficiunt,
583 3873 733 3940 curabilis
759 3879 798 3936 ut
821 3873 865 3937 sit
