2550 4266
122 183 176 269 52,
564 155 570 160 ’
624 159 667 237 Χ

119 345 196 402 exta
219 341 252 402 et
277 333 439 400 candiduli
459 334 569 399 divina
587 334 749 399 tomacula
771 334 868 422 porci,

119 440 276 504 orandum
302 446 358 516 est,
384 445 422 502 ut
445 437 488 502 sit
511 460 602 502 mens
626 461 704 503 sana
726 439 761 502 in
787 462 916 526 corpore
941 462 1026 509 sanc.

118 543 235 608 fortem
258 563 351 627 posce
375 540 529 617 animum,
556 540 670 606 mortis
695 549 816 607 terrore
841 552 1012 623 carentem,

119 647 176 733 qui
200 646 340 731 spatium
366 644 452 709 vitae
479 654 660 709 extremum
683 645 769 710 inter
792 632 927 711 munera
948 655 1049 732 ponat

118 759 261 828 naturae,
285 749 341 836 qui
365 749 446 814 ferre
472 758 569 835 queat
593 772 810 836 quoscumque
833 750 965 828 labores,

118 856 239 920 nesciat
262 853 361 930 irasci,
387 853 496 939 cupiat
519 853 602 917 nihil
625 862 659 918 et
681 854 819 939 potiores
902 893 904 898 2

118 957 268 1024 Herculis
292 978 462 1022 aerumnas
484 957 593 1021 credat
614 978 786 1042 saevosque
812 958 936 1024 labores

118 1071 152 1127 et
175 1061 299 1126 Venere
324 1068 357 1124 et
380 1060 467 1124 cenis
490 1068 524 1124 et
545 1060 658 1144 pluma
681 1060 908 1145 Sardanapalli.

117 1173 259 1230 monstro
284 1164 370 1249 quod
389 1164 458 1250 ipse
480 1163 541 1228 tibi
564 1164 665 1249 possis
691 1164 775 1247 dare.
814 1165 930 1229 semita
952 1172 1039 1231 certe

117 1268 309 1354 tranquillae
333 1290 392 1352 per
414 1267 568 1333 virtutem
594 1276 686 1353 patet
711 1267 807 1334 unica
829 1267 926 1334 vitae.

117 1373 243 1437 nullum
268 1393 390 1436 numen
415 1372 529 1451 habea·
550 1373 576 1436 ai
601 1372 643 1436 sit
668 1373 856 1457 prudentia;
878 1394 936 1437 nos
959 1379 994 1436 te
1041 1444 1042 1449 η

117 1497 175 1541 nos
198 1475 340 1554 facimus,
363 1474 514 1552 Fortuna,
539 1475 635 1540 deam
658 1477 809 1562 caeloque
833 1476 982 1541 locamus

458 1736 761 1748 ᾑ-

580 1925 673 2000 'XI

115 2105 245 2173 Atticus
268 2105 385 2171 eximie
409 2103 436 2169 si
456 2112 556 2184 cenat,
578 2105 686 2170 lautus
712 2106 870 2187 habetur;

115 2212 143 2276 si
167 2210 468 2287 Rutilaedemens.
514 2209 592 2294 quid
616 2208 703 2273 enim
727 2210 847 2275 maiore
870 2209 1026 2276 cachinno

115 2314 274 2398 excipitur
294 2311 391 2396 vulgi,
415 2334 512 2397 quam
535 2334 659 2396 pauper
683 2312 834 2398 Apiciusl
855 2312 958 2378 omnia

115 2417 276 2480 convictus
302 2415 446 2488 thermae
471 2415 634 2490 stationes,
660 2437 754 2480 omne
776 2416 942 2481 theatrum

114 2521 156 2586 de
183 2520 302 2586 Rutilo,
346 2543 422 2584 nam
449 2520 527 2583 dum
553 2518 661 2583 valida
686 2542 723 2583 ac
747 2519 910 2584 iuvenalia
934 2521 1081 2587 membra
1181 2515 1201 2586 5

114 2624 277 2687 sufficiunt
298 2622 408 2708 galeae
432 2623 573 2708 dumque
597 2623 711 2687 ardent
730 2624 892 2708 sanguine,
919 2624 1022 2688 fertur

114 2749 179 2791 non
201 2735 333 2812 cogente
350 2726 497 2811 quidem,
525 2727 581 2790 sed
606 2748 666 2792 nec
679 2725 882 2807 ¹prohibente
905 2727 1036 2793 tribuno

114 2829 288 2894 scribturus
313 2829 399 2914 leges
424 2835 457 2892 et
480 2828 569 2913 regia
593 2831 692 2892 verba
714 2828 857 2895 lanistae.
1047 2905 1050 2912 Ι

113 2932 231 2995 multos
253 2953 345 3017 porro
367 2931 464 3010 vides,
489 2954 568 3017 quos
592 2954 687 3018 saepe
713 2933 820 2998 elusus
847 2934 888 2998 ad
914 2934 1020 3019 ipsum

113 3037 250 3101 creditor
274 3035 444 3100 introitum
469 3035 551 3099 solet
575 3045 757 3120 exspectare
782 3036 916 3114 macelli,
1181 3052 1222 3101 10

113 3149 147 3204 et
173 3140 288 3225 quibus
312 3139 346 3201 in
370 3137 435 3202 solo
460 3137 589 3202 vivendi
612 3160 709 3202 causa
733 3139 841 3223 palato
867 3146 924 3203 est.

113 3243 258 3328 egregius
282 3249 376 3306 cenat
398 3240 577 3326 meliusque
602 3241 799 3305 miserrimus
823 3241 938 3307 horum

113 3355 147 3412 et
173 3349 236 3412 cito
262 3368 391 3410 casurus
416 3345 481 3409 iam
505 3346 691 3430 perlucente
714 3347 815 3412 ruina

112 3449 236 3515 interea
258 3457 371 3534 gustus
397 3448 557 3512 elementa
581 3470 639 3534 per
664 3449 771 3513 omnia
793 3455 953 3535 quaerunt

112 3574 289 3637 numquam
316 3551 422 3615 animo
444 3551 556 3635 pretiis
582 3553 802 3637 opstantibus;
824 3552 959 3617 interius
981 3551 1009 3616 si
1179 3549 1221 3620 15

113 3655 276 3733 adtendas,
300 3654 402 3738 magis
425 3653 481 3717 illa
503 3654 624 3733 iuvant,
650 3678 732 3740 quaa
758 3655 858 3741 pluris
882 3664 1042 3721 emuntur.

114 3781 187 3844 ergo
209 3759 289 3822 haut
315 3755 442 3822 difficile
467 3766 516 3840 est
541 3759 717 3845 perituram
740 3781 897 3824 arcessere
924 3781 1083 3823 summam
