2602 4282
1097 156 1202 289 ,67

147 371 263 435 confer
285 379 318 435 01
339 370 405 449 hos,
428 369 546 434 veteris
568 369 625 454 qui
647 371 768 435 tollunt
791 372 927 457 grandia
947 372 1063 464 templi

147 476 269 560 pocula
291 463 469 540 adorandae
493 473 645 561 robiginis
669 484 702 540 01
728 477 920 561 populorum

149 580 240 644 dona
262 582 314 646 vel
337 582 471 667 antiquo
493 581 613 666 positas
637 603 657 643 a
679 602 754 664 rege
778 598 915 647 coronas.

63 701 134 770 150
148 685 233 748 haec
255 686 302 748 ibi
323 687 351 750 si
372 708 437 750 non
459 694 544 763 sunt,
568 684 673 748 minor
696 692 802 749 exstat
825 685 1004 772 sacrilegus,
1029 688 1086 774 qui

148 788 247 853 radat
269 789 408 853 inaurati
432 790 538 854 femur
560 787 710 853 Herculis
734 796 767 852 01
790 789 905 853 faciem
928 790 1032 875 ipsam

147 891 308 977 Neptuni,
332 893 388 978 qui
411 892 604 957 bratteolam
627 891 668 955 de
692 891 823 956 Castore
848 891 946 956 ducat
953 917 961 975 ;

148 1018 196 1058 an
220 995 365 1061 dubitet?
390 997 550 1060 solitumsl
571 1003 680 1060 totum
704 993 842 1059 conflare
867 1003 1044 1062 tonantem.

148 1099 261 1162 confer
283 1108 316 1163 01
338 1100 474 1165 artifices
488 1107 770 1183 'mercatoremque
793 1099 910 1164 veneni

63 1216 133 1285 [55
149 1213 187 1269 01
210 1205 434 1271 deducendum
457 1205 541 1270 corio
565 1203 655 1268 bovis
678 1203 713 1265 in
736 1224 834 1278 mare,
860 1222 935 1268 oum
958 1227 1022 1290 quo

147 1309 313 1373 clauditur
335 1309 476 1374 adversis
499 1307 631 1372 innoxia
654 1305 748 1371 simia
770 1307 853 1370 latis.

146 1412 231 1475 haec
254 1421 353 1497 quota
373 1435 447 1499 pars
474 1411 638 1486 scelerum,
666 1431 748 1495 quae
771 1418 877 1474 custos
899 1409 1040 1477 Gallicus
1062 1415 1151 1481 urbis

147 1536 254 1599 usque
278 1538 297 1579 a
319 1516 450 1579 lucifero
474 1514 574 1578 donec
596 1511 653 1575 lux
676 1511 798 1575 occidat
823 1512 932 1579 auditl

145 1618 286 1681 humani
308 1618 434 1703 generis
456 1638 560 1681 mores
582 1615 643 1680 tibi
665 1637 757 1679 nosse
779 1615 900 1680 volenti

63 1709 131 1781 [60
146 1720 268 1796 sufficit
291 1745 356 1785 una
381 1722 512 1801 domus3
537 1741 655 1804 paucos
679 1740 830 1782 consume
853 1718 928 1795 dies
950 1727 984 1785 01

147 1826 255 1891 dicere
277 1834 311 1890 te
333 1827 494 1904 miserum,
520 1833 692 1911 postquam
714 1824 803 1887 illinc
824 1825 958 1903 veneris,
981 1826 1073 1892 aude.

147 1930 224 2014 quis
247 1930 408 1995 tumidum
432 1939 547 2015 guttur
567 1928 706 1992 miratur
726 1929 762 1992 in
782 1929 938 2014 Alpibus?
959 1938 1016 1994 aut
1039 1933 1111 2017 quis

146 2033 185 2097 in
208 2035 318 2098 Meroe
340 2056 443 2098 crasso
466 2034 621 2098 maiorem
645 2034 769 2097 infante
793 2034 989 2098 mamillam?

144 2135 277 2201 caerula
300 2137 370 2222 quis
396 2137 521 2222 stupuit
546 2136 698 2201 Germani
721 2136 853 2213 lumina,
879 2137 996 2202 flavam

63 2234 128 2322 [65
144 2241 320 2304 caesariem
344 2252 377 2305 et
400 2240 529 2305 madido
553 2249 760 2325 torquentem
785 2263 904 2306 cornua
926 2241 1024 2307 cirrol

144 2369 267 2432 nempe
289 2348 374 2432 quod
396 2349 475 2412 haec
496 2347 560 2411 illis
582 2356 699 2412 natura
721 2356 770 2412 est
793 2348 940 2413 omnibus
962 2372 1034 2415 una

144 2452 190 2516 ad
215 2451 336 2515 subitas
357 2452 516 2520 Thracum
539 2451 683 2514 volucres
707 2452 892 2535 nubemque
916 2474 1063 2518 sonoram

144 2556 329 2641 Pygmaeus
352 2556 458 2641 parvis
481 2556 580 2620 currit
603 2555 741 2619 bellator
763 2556 798 2618 in
822 2555 927 2632 armis,

144 2682 224 2724 mox
247 2660 351 2744 impar
371 2659 458 2724 hosti
480 2667 655 2744 raptusque
678 2680 738 2743 per
760 2677 834 2722 aera
857 2658 960 2722 curvis

63 2774 130 2843 [70
147 2763 312 2847 unguibus
331 2785 352 2826 a
373 2785 468 2827 saeva
488 2762 591 2826 fertur
612 2783 698 2846 grue.
722 2762 748 2824 si
770 2761 880 2825 videas
901 2760 961 2826 hoo

144 2868 300 2955 gentibus
324 2867 360 2932 in
381 2867 507 2943 nostris
533 2867 599 2930 risu
624 2865 786 2950 quatiare;
810 2863 866 2928 sed
890 2863 964 2942 illic,

144 2994 343 3059 quamquam
368 2972 481 3037 eadem
506 2972 630 3036 assidue
660 2977 847 3056 spectentur
869 2970 998 3055 proelia,
1025 2969 1109 3035 ridet

143 3097 252 3152 nemo,
276 3076 334 3139 ubi
358 3083 429 3140 tota
455 3075 565 3139 cohors
589 3074 671 3159 pede
694 3094 760 3135 non
784 3080 833 3136 est
859 3073 954 3137 altior
978 3095 1051 3141 uno.

188 3179 333 3244 Nullane
356 3180 477 3266 periuri
500 3179 614 3265 capitis
640 3177 824 3261 fraudisque
847 3176 1005 3242 nefandae

63 3305 127 3378 [75
143 3305 252 3369 poena
275 3283 569 3369 eritl-abreptum
594 3283 686 3347 crede
712 3282 799 3345 hunc
824 3282 968 3367 graviore
994 3289 1109 3348 catena

142 3386 293 3472 protinus
316 3395 349 3451 et
373 3387 604 3472 nostro—quid
628 3386 700 3470 plus
726 3386 804 3450 velit
828 3387 1044 3452 isal—necari

142 3489 278 3554 arbitrio
285 3513 294 3570 ;
319 3498 431 3554 manet
454 3490 511 3555 illa
535 3474 646 3554 tamen
668 3490 799 3567 iactura,
823 3512 882 3554 neo
905 3513 1060 3575 umquam

142 3592 330 3679 depositum
354 3594 416 3659 tibi
442 3616 549 3680 sospes
572 3594 642 3669 erit,
668 3593 724 3657 sed
747 3615 876 3678 corpore
899 3602 1013 3659 trunco

140 3699 303 3765 invidiosa
328 3698 418 3762 dabit
441 3699 594 3763 minimus
620 3696 736 3762 solacia
761 3697 897 3782 sanguis

63 3805 126 3876 :80
142 3807 197 3867 ‘at
223 3797 367 3866 vindicta
390 3799 512 3866 bonum
535 3800 604 3868 vita
627 3799 798 3865 iucundius
823 3801 908 3888 ipsa?

512 3924 514 3928 “
1040 3905 1133 3972 5-1.
1153 3905 1160 3915 ”
