2602 4282
644 207 713 284 ΙΙΙ

73 407 103 474 15
107 407 127 474 5
142 397 241 462 cuius
262 419 313 474 res
333 395 397 481 legi
419 416 484 459 non
506 394 630 474 sufficit,
655 405 689 462 et
711 398 843 464 sedeant
864 398 917 466 hic

142 501 304 565 lenonum
325 499 418 586 pueri
441 522 640 585 quocumque
669 521 688 564 e
718 503 836 569 fornice
858 507 936 583 nati,

142 604 201 669 hic
223 604 359 689 plaudat
380 602 476 665 nitidi
498 603 663 687 praeconis
685 603 770 668 filius
792 606 878 671 inter

142 707 314 792 pinnirapi
335 705 437 771 cultos
458 704 591 770 iuvenes
613 707 808 794 iuvenesque
830 698 984 792 lanistae;

143 811 193 875 sic
215 809 344 874 libitum
368 831 459 887 vane,
483 810 538 894 qui
560 833 618 875 nos
640 812 796 892 distinxit,
820 815 965 882 Othoni?

73 910 128 970 160
143 914 220 1000 quis
242 937 340 999 gener
361 914 413 978 hic
435 914 558 999 placuit
580 938 676 979 censu
698 917 803 981 minor
825 928 922 1004 atque
944 921 1069 1006 puellae

142 1016 313 1081 sarcinulis
335 1017 462 1102 impart
483 1017 554 1100 quis
576 1040 699 1103 pauper
722 1020 870 1084 scribitur
891 1022 1005 1086 heres?

142 1121 276 1206 quando
297 1121 332 1184 in
355 1121 486 1196 consilio
510 1130 558 1185 est
580 1122 760 1188 aedilibusl
782 1124 910 1208 agmine
931 1124 1015 1189 facto

142 1225 326 1290 debuerant
349 1225 425 1289 olim
448 1233 563 1289 tenues
585 1225 739 1310 migrasse
762 1226 911 1306 Quirites

140 1330 229 1393 haut
249 1329 341 1393 facile
364 1335 542 1413 emergunt,
566 1350 702 1413 quorum
723 1329 898 1396 virtutibus
920 1339 1027 1416 opstat

79 1429 124 1511 65
140 1455 195 1496 res
218 1442 356 1518 angusta
378 1433 474 1508 domi,
499 1433 554 1496 sed
577 1433 831 1499 Romae'durior
852 1433 915 1498 illis

140 1543 285 1614 conatus,
308 1531 425 1620 magno
446 1535 624 1620 hospitium
646 1536 836 1615 miserabile,
859 1559 976 1622 magno
1011 1579 1013 1585 ·

139 1662 308 1705 servorum
330 1649 458 1704 ventres
492 1648 525 1704 et
547 1639 631 1724 frugi
654 1638 767 1703 cenula
788 1662 912 1725 magno.

139 1741 298 1806 fictilibus
319 1763 433 1805 cenare
450 1739 564 1824 pudet,
590 1738 676 1822 quod
698 1747 792 1824 turpe
815 1741 946 1826 negabis

139 1846 318 1910 translatus
341 1844 447 1908 subito
470 1843 511 1907 ad
534 1843 655 1906 Marsos
678 1865 887 1928 mensamque
909 1843 1071 1908 Sabellam

80 1957 123 2026 70
139 1956 377 2032 contentusque
399 1947 465 2010 illie
486 1953 602 2010 veneto
624 1946 767 2031 duroque
789 1948 922 2012 cucullo.

138 2074 216 2139 pars
237 2073 355 2136 magna
377 2048 491 2114 Italiae
513 2056 570 2123 est,
595 2048 622 2111 si
644 2053 757 2113 verum
779 2049 989 2130 admittimus,
1013 2049 1047 2113 in
1070 2071 1136 2138 qua

138 2177 238 2219 nemo
259 2163 368 2239 togam
389 2152 489 2217 sumit
510 2151 573 2215 nisi
595 2158 748 2215 mortuus
792 2151 862 2236 ipsa
883 2151 1007 2216 diemm

137 2259 296 2323 festorum
317 2258 451 2323 herboso
474 2256 589 2323 colitur
611 2255 638 2319 si
660 2253 789 2340 quando
809 2253 937 2318 theatro

138 2363 290 2426 maiestas
312 2359 510 2443 tandemque
532 2358 617 2422 redit
638 2358 680 2421 ad
701 2357 829 2443 pulpita
849 2365 963 2423 notum

80 2477 122 2545 75
137 2466 299 2543 exodium,
321 2487 395 2528 cum
416 2485 571 2549 personae
592 2463 743 2550 pallentis
765 2461 891 2526 hiatum

136 2569 173 2632 in
195 2569 316 2652 gremio
338 2567 450 2630 matris
472 2565 627 2630 formidat
649 2565 786 2629 rusticus
808 2544 921 2644 infans,

136 2670 287 2755 aequales
309 2669 439 2733 habitus
461 2668 526 2732 illic
549 2668 732 2754 similesque
754 2669 877 2734 videbis
900 2749 903 2755 ,

136 2774 332 2837 orchestram
355 2780 388 2837 et
409 2772 574 2857 populum,
599 2771 675 2836 clari
697 2767 848 2836 velamen
865 2772 993 2838 honoris

136 2877 300 2940 sufficiunt
322 2877 452 2940 tunicae
475 2876 610 2939 summis
633 2875 790 2940 aedilibus
813 2876 912 2941 albae.

77 2979 121 3043 80
135 2980 190 3044 hic
212 2981 299 3044 ultra
320 2981 404 3044 vires
428 2979 559 3044 habitus
583 2979 677 3054 nitor,
701 2978 754 3043 hic
778 2978 901 3064 aliquid
924 2980 997 3064 plus

136 3105 235 3168 quam
257 3084 334 3148 satis
357 3092 407 3147 est
428 3083 593 3148 interdum
616 3083 723 3148 aliena
744 3083 883 3146 sumitur
904 3105 983 3147 arca

134 3208 305 3256 commune
327 3186 360 3249 id
382 3185 501 3250 vitium
524 3195 581 3263 est,
604 3187 658 3250 hie
680 3186 818 3249 vivimus
834 3185 1011 3249 ambitiosa

134 3297 325 3374 paupertate
349 3310 466 3353 omnes.
512 3288 590 3373 quid
613 3297 647 3353 te
670 3292 798 3352 morort
819 3289 927 3353 omnia
949 3281 1070 3352 Romae

134 3416 211 3458 cum
233 3393 343 3478 pretio.
389 3392 467 3477 quid
490 3392 555 3468 das,
578 3400 616 3456 ut
640 3391 774 3479 Cossum
797 3390 970 3476 aliquando
992 3391 1120 3468 salutes,

73 3499 120 3582 85
134 3504 174 3560 ut
197 3503 231 3559 te
253 3496 402 3580 respiciat
426 3497 533 3560 clauso
557 3495 695 3559 Veiento
718 3495 856 3560 labellot

131 3598 190 3662 ille
211 3597 305 3662 metit
327 3598 468 3675 barbam,
493 3598 613 3661 crinem
635 3597 690 3663 hic
712 3595 845 3681 deponit
867 3595 975 3670 amati,

131 3703 232 3789 plena
253 3703 366 3766 domus
389 3702 463 3766 libis
487 3701 661 3766 venalibus.
705 3700 812 3786 accipe
836 3709 869 3765 et
892 3699 979 3763 istud

131 3806 328 3877 fermentum
349 3802 412 3868 tibi
434 3802 536 3867 habe:
560 3810 723 3888 praestare
744 3804 867 3868 tributa
888 3802 1020 3872 clientes
