2550 4266
463 176 468 188 '
582 195 688 272 xiv

109 367 179 442 iam
199 377 263 443 cito
284 401 345 444 nec
365 385 459 444 tanto
480 379 600 465 poterit
623 390 792 447 contexere
813 406 915 465 cursu,
968 432 970 437 ν

114 488 149 544 ut
170 507 234 548 non
259 494 312 549 ter
336 485 465 550 deciens
490 485 648 570 respirett
678 487 804 552 conscia
827 490 926 554 matri

115 584 196 671 virgo
222 587 294 664 fuit,
321 611 408 653 ceras
433 610 520 651 nunc
543 588 603 653 hac
627 589 770 655 dictante
795 593 928 676 pusillas

89 686 222 777 ›implet
245 700 279 756 et
305 693 346 757 ad
371 695 542 758 moechum
566 694 623 759 dat
642 695 764 759 eisdem
787 696 870 762 ferre
896 698 1044 768 cinaedis

112 793 151 858 sic
174 803 292 861 natura
315 797 421 861 iubet:
450 797 588 861 velocius
612 806 646 862 et
668 799 763 863 citius
786 822 844 864 nos

110 909 317 986 corrumpunt
340 902 495 966 vitiorum
511 902 660 988 exempla
684 903 869 982 domestica,
897 908 1025 992 magnis

108 1024 179 1066 cum
202 1005 340 1071 subeant
365 1006 489 1069 animos
515 1007 707 1071 auctoribus.
752 1029 836 1072 unus
859 1017 893 1073 et
914 1011 997 1074 alter

107 1105 239 1170 forsitan
260 1107 340 1173 haec
362 1118 515 1194 spernant
536 1109 677 1188 iuvenes,
701 1109 818 1194 quibus
840 1120 910 1174 arte
932 1113 1073 1200 benigna

89 1218 138 1282 tet
164 1211 296 1276 meliore
319 1211 388 1276 luto
414 1212 509 1275 finxit
532 1212 718 1297 praecordia
741 1213 837 1277 Titan
843 1238 852 1294 ;
1061 1211 1065 1221 '

106 1315 160 1379 sed
184 1316 323 1401 reliquos
349 1317 502 1402 fugienda
525 1327 656 1402 patrum
680 1318 816 1403 vestigia
839 1319 962 1385 ducunt

107 1430 137 1483 et
160 1430 340 1486 monstrata
363 1422 420 1486 diu
444 1421 561 1486 veteris
587 1420 687 1484 trahit
713 1422 818 1485 orbita
843 1423 963 1508 culpae.

106 1525 265 1589 abstineas
289 1526 389 1611 igitur
414 1525 612 1590 damnandis
657 1526 754 1590 huius
778 1528 865 1592 enim
888 1528 941 1592 vel

107 1649 168 1692 una
192 1638 307 1714 potens
330 1629 412 1693 ratio
438 1639 495 1706 est,
511 1651 553 1693 ne
579 1628 714 1692 crimina
736 1638 846 1694 nostra
869 1640 1045 1715 sequantur

89 1740 143 1794 lex
167 1732 259 1796 nobis
283 1732 394 1817 geniti,
422 1732 575 1816 quoniam
600 1731 717 1796 dociles
740 1732 905 1797 imitandis

106 1838 252 1922 turpibus
275 1859 311 1900 ac
333 1837 439 1922 pravis
462 1858 572 1900 omnes
594 1859 713 1915 sumus,
737 1846 770 1901 et
793 1839 968 1904 Catilinam

104 1943 361 2028 quocumquein
382 1943 501 2027 populo
523 1941 640 2020 videas,
664 1963 865 2027 quocumque
888 1945 948 2007 sub
970 1967 1040 2022 axe,
1151 1990 1153 1994 -

102 2049 156 2112 sed
179 2070 239 2112 nec
260 2049 381 2111 Brutus
403 2047 472 2122 erit,
496 2045 590 2110 Bruti
612 2067 671 2109 nec
692 2047 869 2110 avunculus
891 2069 1035 2131 usquam.

99 2153 147 2216 nil
169 2153 258 2218 dictu
280 2153 411 2217 foedum
432 2151 568 2236 visuque
590 2151 670 2214 haec
691 2150 805 2213 limina
826 2158 949 2234 tangat,

98 2255 186 2320 intra
208 2279 291 2341 quae
312 2263 405 2343 pater
427 2262 483 2318 est.
528 2253 646 2338 procul,
669 2276 688 2317 a
710 2253 820 2338 procul
841 2252 916 2317 inde
937 2255 1064 2339 puellae

97 2359 253 2426 lenonum
275 2370 309 2426 et
334 2368 448 2424 cantus
473 2356 692 2443 pernoctantis
715 2357 872 2441 parasitil*

98 2465 241 2528 maxima
263 2465 400 2529 debetur
424 2483 523 2548 puero
548 2459 734 2524 reverentia.
779 2459 906 2544 siquid

99 2575 193 2654 turpe
216 2591 318 2654 perae,
345 2575 443 2632 netu
467 2565 560 2651 pueri
586 2563 814 2649 contempseris
843 2587 952 2644 annos,

100 2673 152 2736 sed
174 2681 343 2758 peccaturo
367 2673 472 2736 obstet
494 2670 554 2734 tibi
577 2669 662 2733 filius
684 2669 797 2733 infans.

98 2798 172 2839 nam
196 2777 223 2840 si
250 2777 328 2861 quid
350 2776 486 2860 dignum
507 2774 643 2839 censoris
666 2775 777 2838 fecerit
798 2774 847 2837 ira

98 2881 289 2964 quandoque
312 2888 345 2943 et
367 2879 505 2943 similem
527 2879 588 2942 tibi
611 2901 644 2942 se
667 2902 732 2943 non
754 2900 882 2964 corpore
905 2887 1034 2942 tantum

97 3007 154 3048 nec
175 2985 269 3049 vultu
292 2985 425 3062 dederit,
448 3008 575 3048 morum
598 3008 724 3070 quoque
745 2986 830 3048 filius
852 2992 886 3049 et
908 2985 964 3070 qui

97 3087 202 3152 omnia
224 3088 364 3152 deterius
386 3096 445 3152 tua
466 3110 523 3172 per
545 3081 681 3173 uestigia
701 3095 821 3173 peccet,

96 3192 242 3278 corripies
265 3192 419 3256 nimirum
442 3201 475 3255 et
497 3192 667 3276 castigabis
689 3192 802 3255 acerbo

96 3297 229 3360 clamore
252 3319 289 3360 ac
311 3304 383 3380 post
405 3297 484 3359 haec
505 3296 632 3359 tabulas
654 3304 780 3360 mutare
802 3295 936 3380 parabis.

94 3400 179 3464 unde
200 3399 263 3464 tibi
285 3399 423 3462 frontem
445 3399 693 3482 libertatemque
715 3398 866 3484 parentis

94 3525 166 3567 cum
186 3503 283 3568 facias
305 3502 414 3587 peiora
435 3524 532 3564 senex
553 3523 754 3585 vacuumque
778 3502 905 3564 cerebro

93 3607 156 3671 iam
178 3607 303 3693 pridem
326 3615 423 3690 caput
445 3606 505 3668 hoc
527 3614 661 3669 ventosa
683 3606 849 3669 cucurbita
870 3609 1026 3689 quaerat?

134 3711 272 3796 Hospite
294 3719 429 3773 venturo
453 3708 588 3771 cessabit
610 3730 705 3771 nemo
728 3716 865 3773 tuorum.

93 3823 196 3879 ‘verre
219 3813 454 3899 pavimentum,
479 3810 600 3874 nitidas
622 3810 755 3875 ostende
779 3811 950 3887 columnas,
