2602 4282
622 187 662 268 X

51 378 91 462 35
105 372 167 437 sed
192 371 298 456 qualis
320 361 440 438 rediitl
461 362 580 456 nempe
603 393 669 435 una
690 391 783 447 nave,
802 371 944 435 cruentis

105 473 266 537 fluctibus
284 495 325 537 ac
346 472 439 538 tarda
461 495 519 558 per
541 473 639 536 densa
661 472 815 536 cadavera
836 493 938 557 prora

106 577 170 642 has
193 577 315 641 totiens
337 584 451 660 optata
471 575 581 659 exegit
602 575 703 658 gloria
724 580 862 660 poenas!

153 681 226 744 ‘Da
249 680 391 765 spatium
414 679 509 756 vitae,
532 680 651 744 multos
673 680 723 757 da,
747 680 901 764 luppiter,
924 678 1052 743 annosl’

106 787 172 851 hoc
195 792 282 849 recto
305 785 407 861 vultu,
432 784 537 848 solum
559 783 620 847 hoo
643 792 676 848 et
698 782 837 868 pallidus
859 792 959 867 optas.

51 900 93 971 90
106 888 168 953 sed
192 911 291 973 quam
314 888 475 952 continuis
498 895 531 951 et
554 887 684 972 quantis
705 887 801 970 longa
823 896 969 950 senectus

106 993 209 1076 plena
232 991 343 1056 malis!
367 990 544 1054 deformem
567 998 601 1054 11
624 998 767 1054 taetrum
790 998 866 1053 ante
888 991 997 1053 omnia
1018 990 1146 1055 vultum

108 1093 366 1178 dissimilemque
389 1093 448 1170 sui,
472 1091 649 1157 deformem
672 1113 729 1177 pro
752 1100 825 1156 cute
847 1092 966 1176 pellem

107 1193 349 1281 pendentisque
377 1216 476 1278 genas
499 1204 532 1259 11
554 1194 629 1258 talis
651 1194 756 1279 aspice
779 1216 882 1278 rugas,
932 1185 940 1200 '

107 1297 233 1383 quales,
256 1297 446 1361 umbriferos
468 1297 525 1361 ubi
548 1297 663 1382 pandit
685 1297 850 1361 Thabraca
872 1297 981 1374 saltus,

51 1419 92 1493 95
106 1401 144 1464 in
169 1401 280 1465 vetula
302 1401 416 1486 scalpit
438 1401 504 1464 iam
526 1409 630 1464 mater
652 1401 746 1465 simia
767 1401 875 1466 bucca

106 1505 253 1591 plurima
275 1514 351 1569 sunt
372 1505 529 1569 iuvenum
552 1505 742 1583 discrimina,
765 1505 927 1590 pulchrior
948 1505 1003 1568 ille

106 1611 179 1687 1100,
203 1618 303 1693 atque
324 1609 379 1673 1111
401 1609 472 1687 alio,
495 1610 636 1673 multum
658 1610 710 1673 hio
731 1610 890 1674 robustior
911 1610 966 1672 illo
977 1632 986 1688 ;

107 1738 179 1780 una
200 1737 314 1778 senum
337 1715 442 1792 facies,
465 1738 540 1779 cum
562 1737 638 1779 voce
660 1716 833 1780 trementia
855 1715 1001 1780 membra

107 1827 143 1884 et
168 1819 235 1882 iam
252 1819 323 1882 leve
345 1826 443 1903 caput
465 1817 650 1903 madidique
672 1819 811 1883 infantia
832 1819 911 1897 nasi,
987 1897 989 1901 Ι

51 1941 92 1993 00
106 1921 308 2006 frangendus
330 1922 446 1985 misero
467 1922 600 2007 gingiva
620 1922 713 2007 panis
735 1922 861 1987 inermi.

104 2048 214 2110 usque
236 2025 316 2089 adeo
337 2024 444 2110 gravis
465 2025 558 2088 uxori
581 2025 731 2110 natisque
753 2025 887 2110 sibique,

106 2138 148 2195 ut
171 2128 334 2214 captatori·
351 2136 479 2193 moveat
501 2128 632 2192 fastidia
655 2127 759 2193 Cosso.

104 2255 176 2298 non
199 2231 313 2295 eadem
335 2231 403 2294 vini
424 2239 523 2315 atque
546 2230 609 2294 cibi
631 2238 779 2315 torpente
802 2231 910 2315 palato
971 2283 975 2296 .

104 2337 237 2422 gaudia
282 2359 359 2399 nam
382 2335 483 2399 coitus
505 2335 571 2398 iam
594 2334 690 2418 longa
711 2335 836 2411 oblivio,
859 2335 912 2399 vel
934 2334 962 2402 si

51 2455 88 2524 >5
105 2438 242 2515 coneris
266 2437 349 2502 iacet
372 2437 506 2521 exiguus
530 2459 603 2501 cum
625 2437 743 2502 ramice
765 2459 882 2502 nervus

105 2553 153 2620 11,
177 2543 325 2629 quamvis
347 2551 418 2607 tota
438 2541 589 2627 palpetur
610 2551 712 2619 nocte,
736 2541 860 2606 iacebit.

106 2671 196 2714 anne
219 2647 341 2732 aliquid
363 2668 490 2731 sperare
512 2653 619 2730 potest
641 2643 720 2708 haec
743 2644 883 2729 inguinis
906 2642 993 2728 aegri

105 2751 267 2818 canities?
305 2750 391 2835 quid,
416 2749 501 2834 quod
524 2749 640 2812 merito
663 2757 811 2832 suspecta
833 2748 931 2812 libido
954 2757 1011 2825 111,

103 2879 194 2942 quae
217 2855 376 2919 Venerem
398 2853 541 2916 adfectat
563 2852 632 2916 sine
654 2852 796 2915 viribusl
820 2852 923 2935 aspice
946 2851 1046 2935 partis

51 2981 88 3031 [ο
102 2980 196 3022 nuno
220 2957 374 3020 damnum
398 2955 537 3020 alterius
583 2978 659 3019 nam
682 2977 765 3038 quae
788 2963 938 3018 cantante
960 2954 1116 3039 voluptas,

104 3063 150 3127 sit
173 3061 253 3125 licet
275 3061 419 3137 eximino,
444 3060 634 3135 citharoedo,
659 3059 740 3122 sitve
763 3058 915 3122 Seleucus

104 3175 141 3230 et
165 3164 285 3249 quibus
307 3172 421 3227 aurata
443 3184 512 3226 mos
534 3172 583 3226 est
605 3162 727 3246 fulgere
751 3162 897 3224 lacerna?

103 3269 189 3356 quid
212 3268 317 3343 refert,
342 3267 452 3352 magni
474 3267 584 3330 sedeat
607 3289 671 3351 qua
693 3274 785 3351 parte
808 3264 935 3344 theatri,

103 3375 164 3460 qui
188 3372 244 3435 vix
266 3372 439 3436 cornicines
462 3371 735 3455 11111111111111111Ι
758 3371 909 3434 tubarum

56 3495 76 3565 5
102 3482 306 3544 concentusl
329 3478 465 3541 clamore
489 3498 567 3560 opus
590 3483 646 3550 est,
670 3483 708 3538 ut
730 3474 848 3538 sentiat
870 3472 963 3550 auris,

102 3604 207 3670 quem
229 3581 315 3646 dicat
337 3581 461 3645 venisse
484 3603 571 3665 puer,
596 3587 675 3664 quot
697 3579 827 3642 nuntiet
848 3578 949 3641 horas.

100 3695 275 3776 praeterea
296 3685 450 3749 minimus
472 3683 577 3768 gelido
600 3682 721 3747 iamin
745 3704 872 3767 corpore
894 3679 1024 3765 sanguis

100 3793 194 3860 febre
218 3791 301 3856 calet
314 3788 608 3870 101111101111111111
630 3786 757 3872 agmine
779 3787 863 3850 facto
