2550 4266
128 170 176 246 54
619 146 682 222 XI

121 325 176 389 ille
198 325 287 389 dolor
310 323 396 389 solus
420 323 560 409 patriam
585 323 791 410 fugientibus,
816 325 872 390 illa

121 428 282 492 maestitia
305 437 363 505 ost,
388 428 524 492 caruisse
546 450 632 491 anno
656 428 848 493 circensibus
871 450 945 493 uno.

121 532 286 617 sanguinis
312 532 348 596 in
373 531 454 596 facie
477 554 543 596 non
568 532 680 597 haeret
703 540 806 617 gutta,
833 541 1001 597 morantur
1059 597 1062 601 ⁴

117 637 213 721 pauci
237 636 409 701 ridiculum
435 636 644 720 effugientem
671 658 711 700 ex
734 637 813 700 urhe
839 635 1003 721 pudorem.
1157 628 1184 700 55
1239 682 1241 707 .

160 739 334 823 Experiere
354 738 458 814 hodie,
483 738 642 823 numquid
667 739 882 824 pulcherrima
907 737 1005 817 dictu,

117 841 252 919 Persice,
276 864 341 906 non
364 850 527 926 praestem
549 841 619 907 vita
637 841 689 905 vel
714 841 856 905 moribus
880 848 914 905 et
940 863 984 918 re,

117 944 145 1008 si
168 944 298 1009 laudem
321 944 452 1028 siliquas
476 942 618 1009 occultus
641 965 751 1027 ganeo,
775 942 881 1028 pultes

116 1067 222 1111 coram
246 1048 316 1112 aliis
339 1047 459 1111 dictem
483 1069 592 1132 puero,
612 1046 675 1109 'aed
701 1046 736 1108 in
761 1068 837 1110 aure
860 1044 1032 1129 placentas.

75 1150 76 1153 ’
114 1172 192 1214 nam
216 1173 289 1215 cum
313 1146 361 1215 sis'
378 1150 511 1215 conviva
535 1149 616 1213 mihi
639 1148 822 1233 promissus,
849 1146 982 1212 habebis
1161 1133 1191 1203 60

114 1253 312 1332 Euandrum,
335 1249 445 1319 venies
468 1252 657 1337 Tirynthius
682 1260 739 1316 aut
762 1251 867 1316 minor
888 1251 943 1315 illo

114 1355 237 1442 hospes,
261 1365 295 1422 et
317 1357 386 1442 ipse
409 1364 520 1420 tamen
542 1355 730 1440 contingens
751 1356 907 1439 sanguine
930 1354 1063 1432 caelum,

114 1460 197 1525 alter
218 1462 317 1547 aquis,
341 1463 423 1526 alter
444 1460 583 1525 flammis
604 1460 646 1524 ad
667 1459 774 1524 sidera
794 1459 917 1523 missus.

112 1563 232 1628 fercula
254 1587 340 1628 nunc
362 1564 437 1628 audi
458 1563 556 1628 nullis
579 1571 691 1627 ornata
712 1562 860 1637 macellis.

112 1666 153 1730 de
175 1668 343 1732 Tiburtino
364 1669 474 1732 veniet
495 1668 724 1753 pinguissimus
744 1689 820 1751 agro

111 1768 268 1833 haedulus
290 1779 324 1834 et
345 1778 414 1834 toto
436 1792 531 1854 grege
553 1769 686 1846 mollior,
710 1770 828 1833 inscius
850 1770 977 1847 herbae,

110 1873 249 1937 necdum
271 1896 367 1938 ausus
389 1874 493 1958 virgas
515 1873 646 1937 humilis
668 1872 812 1957 mordere
835 1872 946 1950 salicti,

110 1977 167 2062 qui
189 1979 261 2063 plus
283 1978 374 2042 lactis
396 1979 496 2042 hahet
517 1999 615 2064 quam
637 1975 809 2061 sanguinis,
833 1985 866 2040 et
888 1975 1035 2040 montani

110 2081 266 2166 asparagi,
289 2082 392 2167 posito
416 2103 494 2167 quos
516 2080 596 2165 legit
617 2080 713 2144 vihca
733 2079 823 2159 fus03

108 2184 243 2268 grandia
264 2194 431 2270 praeterea
452 2193 600 2269 tortoque
623 2181 762 2247 calentia
783 2182 877 2245 faeno

109 2308 169 2350 ova
191 2287 310 2351 adsunt
331 2286 408 2372 ipsis
429 2309 504 2350 cum
525 2285 691 2361 matribus,
716 2293 750 2349 et
771 2293 914 2366 servatae

107 2397 199 2473 parte
221 2389 307 2466 anni,
329 2389 439 2474 quales
460 2389 589 2452 fuerant
611 2388 645 2451 in
667 2387 796 2464 vitibus,
820 2410 910 2465 uvae,

108 2491 280 2578 Signinum
303 2492 498 2578 Syriumque
520 2492 637 2576 pirum,
660 2491 700 2556 de
723 2491 870 2556 corbibus
891 2489 994 2555 isdem

106 2598 235 2661 aemula
256 2596 381 2661 Picenis
403 2606 437 2661 et
460 2597 564 2661 odoris
586 2597 672 2660 mala
692 2596 847 2661 recentis:

106 2720 166 2762 nec
189 2699 364 2763 metuenda
386 2699 455 2776 tibi,
479 2700 634 2763 siccatum
655 2697 770 2782 frigore
792 2705 965 2783 postquam

106 2812 302 2868 autumnum
324 2812 358 2880 et
380 2803 470 2867 crudi
491 2825 624 2890 posuere
646 2803 788 2888 pericula
809 2803 885 2868 suci.

106 2906 186 2970 haec
208 2906 285 2970 olim
306 2906 409 2971 nostri
429 2905 494 2969 iam
517 2905 680 2969 luxuriosa
701 2914 831 2969 senatus

107 3032 185 3074 cena
206 3010 277 3075 fuit.
322 3010 438 3076 Curius
460 3031 558 3095 parvo
581 3031 664 3094 quae
686 3008 807 3093 legerat
828 3009 929 3087 horto,

106 3111 175 3197 ipse
196 3111 273 3176 focis
294 3112 445 3177 brevibus
466 3113 606 3198 ponebat
627 3111 799 3189 holuscula,
823 3134 904 3196 quae
926 3133 1012 3177 nunc

105 3216 270 3300 squahdus
292 3216 327 3281 in
348 3239 467 3300 magna
488 3215 612 3280 fastidit
635 3215 787 3299 compede
810 3215 916 3291 fossor,

106 3319 163 3404 qui
184 3318 341 3395 meminit,
364 3318 485 3384 calidae
507 3319 611 3403 sapiat
634 3318 712 3404 quid
733 3318 830 3382 vulva
851 3318 996 3404 popinae.

105 3422 180 3487 sicci
201 3430 292 3507 terga
313 3423 387 3500 suis,
410 3445 481 3487 rara
502 3423 676 3507 pendentia
697 3430 793 3498 crate,

104 3524 201 3589 moris
224 3534 293 3589 erat
314 3525 476 3610 quondam
498 3526 587 3590 festis
609 3548 734 3590 servare
756 3526 869 3590 diebus

104 3639 137 3695 et
159 3630 346 3694 natalicium
368 3631 509 3714 cognatis
531 3651 649 3714 ponere
670 3629 805 3706 lardum,
1218 3715 1220 3719 y

104 3733 272 3798 accedente
294 3754 385 3811 nova,
408 3732 555 3821 siquam
577 3732 675 3799 dabat
696 3733 810 3812 hostia,
834 3757 936 3800 carne.
1167 3722 1209 3806 85
