2550 4266
148 183 194 251 18
627 171 714 267 Ivj

145 361 208 425 iste
228 359 307 434 dim,
328 380 466 443 propera
485 357 690 420 stomachum
710 355 820 420 lame
840 357 998 442 aginesis,

145 458 1035 540 ettuaservatnmoonsumeinsaecularbombnm

144 564 215 648 ipse
234 563 308 648 capi
327 562 448 626 volnit’
489 561 570 646 qnid
590 561 758 645 apertius!
779 572 814 625 et
833 571 946 626 tamen
965 565 1016 628 illi

144 666 466 751 surgebantcristae
509 665 1041 750 anilestquodeedaedese

144 792 211 833 non
231 770 341 854 pomit,
362 792 438 833 cnm
458 769 611 832 laudatur
630 769 682 832 dis
702 793 809 854 aequa
827 781 979 856 potestas

145 874 202 937 sed
231 876 324 940 derat
355 873 437 958 pisci
456 873 589 957 patinae
609 896 769 937 mensura
812 884 969 938 rooenmr

145 998 220 1061 ergo
241 977 277 1039 in
297 977 467 1040 eonsilium
487 999 641 1061 prooem,
663 999 745 1060 quos
765 977 877 1041 oderat
896 979 961 1053 ille,

144 1080 180 1144 in
200 1104 339 1166 quorum
359 1081 441 1144 lade
461 1081 598 1144 miserae
619 1104 822 1166 magnaeque
842 1081 976 1146 sedebat

143 1185 247 1270 pallor
267 1185 437 1249 amicitiae
480 1185 613 1269 primus,
635 1186 797 1249 clamante
818 1187 962 1250 Liburno

146 1289 289 1363 ‘currite
311 1288 378 1350 iam
399 1287 511 1351 seditl’
531 1296 626 1372 rapta
645 1289 837 1372 properabat
857 1290 965 1353 abolla

144 1389 285 1473 Pegasus
306 1389 466 1452 attonitae
487 1391 611 1474 positus
631 1391 726 1455 modo
747 1392 861 1455 vilicus
881 1393 961 1473 urbi,

137 1490 234 1576 [anne
248 1491 339 1554 aliud
359 1502 441 1554 tunc
461 1493 638 1576 praefectil
658 1515 796 1578 quorum
817 1495 959 1579 optimus
980 1499 1096 1585 atque]

143 1599 303 1683 interpres
325 1599 436 1683 legum
457 1600 685 1672 sanctissimus,
697 1600 807 1663 omnia
826 1622 1025 1684 quamquam

143 1703 343 1786 temporibus
364 1701 443 1765 diris
463 1702 634 1765 tractanda
654 1702 793 1787 putabat
814 1702 931 1765 inermi

143 1805 276 1870 iustitia
319 1805 410 1870 venit
431 1814 466 1869 et
487 1806 593 1890 Crispi
614 1805 757 1869 iucunda
777 1815 934 1882 senectus

143 1909 234 1972 errius
255 1919 350 1974 erant
371 1931 476 1973 mores
496 1910 602 1994 qualis
623 1909 783 1986 facundia,
805 1910 887 1973 mite

143 2011 317 2095 ingenium
362 2013 465 2076 maria
485 2035 524 2077 ae
543 2022 646 2076 terras
666 2013 867 2098 populosque
888 2016 1014 2099 regenti

143 2115 215 2198 quis
236 2139 342 2180 oomes
364 2117 482 2194 utilior,
505 2117 534 2180 si
554 2117 646 2181 clade
667 2126 702 2181 et
723 2126 816 2202 peste
837 2119 899 2181 sub
920 2119 977 2183 illa

142 2219 310 2282 saevitiam
332 2219 485 2284 damnare
508 2228 542 2284 et
562 2220 735 2284 honestum
756 2221 881 2284 adferre
901 2222 1013 2288 lioeret

142 2323 333 2388 consilium?
355 2324 413 2388 sed
434 2324 514 2410 quid
535 2324 710 2389 violentius
730 2347 809 2388 aure
830 2326 968 2409 tyranni,

142 2448 216 2489 eum
238 2448 302 2510 quo
323 2426 365 2489 de
385 2427 506 2512 pluviis
526 2436 585 2491 aut
606 2427 749 2491 aestibus
770 2436 830 2491 aut
850 2427 996 2492 nimboso

142 2550 217 2591 vere
238 2527 377 2592 locuturi
399 2530 504 2594 sattim
525 2529 689 2614 pendebat
711 2530 829 2594 amioil

142 2631 196 2695 ille
218 2632 318 2716 igitur
339 2656 520 2718 numquam
542 2633 661 2696 direxit
682 2634 831 2697 branchia
851 2643 963 2698 eontra

142 2743 326 2813 torrentem,
348 2759 409 2800 nec
429 2736 507 2800 civis
529 2746 607 2813 erat,
629 2737 686 2821 qui
707 2738 808 2801 libera
828 2747 936 2822 posset
1211 2765 1250 2830 90

143 2839 242 2903 verba
262 2839 364 2902 animi
385 2839 527 2924 proferre
549 2848 584 2903 et
604 2839 707 2902 vitam
728 2839 902 2924 inpendere
923 2862 1006 2905 vero.

141 2942 186 3006 sio
208 2945 327 3007 multas
347 2943 471 3007 hiemes
493 2952 592 3028 atque
616 2944 832 3027 octogensima
853 2943 935 3008 vidit

141 3045 286 3124 solstitia,
308 3045 359 3110 his
380 3046 477 3110 armis
498 3046 556 3109 illa
576 3068 704 3130 quoque
725 3053 817 3109 tutus
838 3045 873 3109 in
895 3045 977 3111 aula

140 3149 306 3234 proximus
327 3148 471 3213 eiusdem
491 3148 685 3234 properabat
705 3148 828 3212 Acilius
849 3146 921 3211 aevi

140 3274 215 3316 eum
236 3253 352 3318 iuvene
373 3252 515 3336 indigno,
538 3274 636 3337 quem
657 3274 743 3317 mors
763 3262 832 3317 tam
854 3273 950 3315 saeva
970 3258 1117 3315 maneret
1207 3278 1246 3345 95

141 3362 175 3418 et
196 3352 319 3419 domini
339 3353 455 3438 gladiis
476 3363 544 3418 tam
566 3355 725 3420 festinata
771 3355 826 3422 sed
847 3354 925 3418 olim

140 3457 285 3544 prodigio
304 3481 364 3544 par
385 3465 434 3522 est
456 3457 491 3521 in
513 3458 682 3522 nobilitate
704 3467 858 3535 senectus,

140 3562 226 3626 unde
247 3561 285 3626 fit
307 3569 344 3625 ut
366 3561 477 3625 malim
499 3562 688 3627 fraterculus
709 3584 777 3626 esse
797 3559 948 3646 gigantis.

139 3663 259 3751 profuit
282 3685 356 3748 ergo
377 3664 460 3727 nihil
480 3663 605 3743 misero,
628 3664 715 3749 quod
736 3664 914 3729 comminus
935 3682 1024 3728 ursos

140 3770 259 3857 figebat
280 3769 440 3836 Numidas
461 3770 587 3837 Albana
607 3769 714 3835 nudus
735 3769 856 3834 harena
1208 3799 1265 3846 100
