2550 4266
130 151 149 202 2
639 114 662 190 Ι

128 306 276 395 patricios
302 323 412 368 omnes
442 298 555 386 opibus
581 321 655 363 cum
681 306 831 384 provocet
856 323 939 365 unus

43 398 49 407 ⁴
130 435 192 496 quo
215 409 369 474 tondente
390 403 494 490 gravis
518 401 627 466 iuveni
651 401 732 464 mihi
755 402 855 466 barba
878 405 1020 481 sonabat,
1197 426 1231 493 25

130 514 203 578 cum
225 534 299 599 pars
322 509 466 574 Niliacae
488 505 599 592 plebis,
624 527 697 568 cum
719 527 818 569 verna
840 504 962 591 Canopi

131 617 303 701 Crispinus
327 611 437 698 Tydes
459 632 569 674 umero
592 617 762 672 revocante
784 607 934 686 lacernas,

130 719 265 784 ventilet
288 717 447 781 aestin
469 713 578 798 digitis
601 711 793 776 sudantibus
813 733 936 790 aurum,

130 845 189 887 nec
211 821 341 886 sufferre
364 827 462 905 queat
483 816 613 881 maioris
635 816 777 901 pondera
798 837 953 900 gemmae,

131 926 257 990 difficile
280 932 328 989 est
345 932 488 989 saturam
503 944 567 985 non
591 920 736 984 scribere.
779 941 856 982 nam
878 919 949 1004 quis
972 917 1101 1004 iniquae
1194 957 1229 1023 30

130 1040 199 1094 tam
220 1028 346 1113 patiens
368 1028 465 1103 urbis,
488 1036 557 1091 tam
580 1027 708 1105 ferreus,
732 1036 770 1091 ut
791 1034 901 1090 teneat
923 1049 965 1105 se,

130 1132 281 1197 causidici
303 1154 387 1195 nova
410 1153 483 1195 cum
506 1131 615 1194 veniat
637 1130 751 1194 lectica
773 1129 936 1194 Mathonis

130 1236 226 1320 plena
248 1234 325 1320 ipso,
348 1243 420 1318 post
442 1233 529 1296 hunc
551 1233 661 1317 magni
683 1233 806 1297 delator
828 1231 923 1297 amici

131 1348 164 1402 et
186 1338 248 1402 cito
271 1347 421 1422 rapturus
444 1337 484 1401 de
506 1337 676 1401 nobilitate
699 1360 824 1401 comesa

131 1441 215 1526 quod
231 1451 384 1526 superest,
397 1463 494 1525 quem
510 1440 615 1504 Massa
629 1442 733 1518 timet,
746 1464 843 1526 quem
859 1462 992 1504 munere
1006 1438 1118 1525 palpat
1171 1471 1179 1487 r
1195 1460 1232 1533 35

131 1547 231 1612 Carus
253 1555 286 1610 et
309 1568 329 1608 a
349 1545 475 1630 trepido
497 1545 652 1631 Thymele
675 1545 844 1609 summissa
866 1544 990 1620 Latino,

131 1672 204 1714 cum
227 1658 260 1713 te
283 1658 505 1713 summoveant
528 1649 584 1734 qui
606 1657 801 1713 testamenta
822 1656 986 1712 merentur

130 1753 285 1829 noctibus,
309 1753 344 1816 in
366 1752 490 1817 caelum
513 1776 591 1838 quos
614 1753 721 1816 evehit
744 1752 866 1836 optima
887 1750 1005 1814 summi

16 1936 19 1942 Ι
130 1877 216 1919 nunc
238 1854 291 1918 via
312 1876 484 1940 processus,
507 1855 635 1919 vetulae
658 1854 763 1918 vesica
784 1855 919 1918 beatae?

130 1958 290 2024 unciolam
313 1959 497 2023 Proculeius
519 1960 626 2036 habet,
650 1961 705 2024 sed
728 1959 811 2023 Gillo
834 1958 1000 2033 deuncem,
1195 1946 1237 2047 4'0

130 2072 237 2148 partes
253 2060 387 2146 quisque
410 2083 490 2139 suas,
515 2061 556 2125 ad
578 2083 760 2125 mensuram
784 2059 925 2144 inguinis
947 2058 1046 2123 heres.

131 2164 265 2249 accipiat
287 2185 363 2227 sane
385 2164 564 2228 mercedem
587 2163 750 2248 sanguinis
772 2171 806 2226 et
827 2162 872 2226 sic

130 2268 257 2353 palleat,
281 2275 319 2330 ut
341 2249 437 2330 nudis
457 2268 572 2353 pressit
595 2268 651 2352 qui
673 2266 811 2332 calcibus
833 2286 981 2350 anguem,

130 2378 188 2433 aut
203 2369 452 2453 Lugdunensem
474 2370 583 2433 rhetor
605 2369 748 2433 dicturus
770 2367 811 2431 ad
833 2390 929 2432 aram.

131 2473 209 2558 quid
231 2472 366 2536 referam
389 2483 511 2559 quanta
532 2464 650 2536 'siccum
673 2473 760 2537 iecur
782 2472 892 2535 ardeat
914 2471 970 2549 ira,
1192 2487 1236 2554 45

132 2598 205 2638 cum
226 2574 383 2659 populum
404 2574 555 2658 gregibus
577 2574 732 2637 comitum
753 2573 872 2658 premit
893 2572 946 2636 hic
967 2556 1119 2658 spoliator

131 2678 247 2763 pupilli
268 2677 450 2762 prostantis,
474 2686 508 2742 et
529 2677 582 2740 hic
604 2678 775 2741 damnatus
796 2674 886 2738 inani

132 2780 248 2844 iudicio
273 2780 362 2864 (quid
385 2780 472 2843 enim
494 2780 589 2844 salvis
610 2779 744 2843 infamia
765 2778 934 2863 nummisl)

133 2883 207 2946 exul
230 2883 270 2946 ab
293 2891 405 2946 octava
427 2884 548 2946 Marius
557 2870 654 2947 bibit
677 2891 710 2946 et
732 2881 850 2947 fruitur
871 2881 920 2946 dis

133 2986 230 3064 iratis,
254 2994 288 3049 at
310 2994 347 3049 tu
369 2986 483 3050 victrix
504 2986 667 3071 provincia
688 2986 818 3071 plorasl
1192 3003 1236 3070 50

133 3089 212 3152 haec
234 3111 291 3173 ego
313 3111 378 3152 non
401 3089 528 3153 credam
550 3089 716 3153 Venusina
738 3089 835 3175 digna
857 3089 1007 3153 lucernal

133 3191 211 3256 haec
234 3214 291 3277 ego
313 3215 378 3256 non
401 3192 543 3276 agitem?
566 3192 622 3256 sed
644 3193 721 3277 quid
744 3193 868 3278 magist
890 3190 1063 3255 Heracleas

133 3303 191 3358 aut
212 3294 403 3359 Diomedeas
425 3301 482 3357 aut
504 3295 665 3379 mugitum
688 3293 864 3381 labyrinthi

134 3406 167 3463 et
189 3421 276 3462 mare
298 3421 482 3483 percussum
503 3420 601 3484 puero
623 3399 813 3483 fabrumque
834 3395 1009 3485 volantem,

134 3521 208 3563 cum
229 3500 301 3563 leno
323 3500 458 3585 accipiat
479 3499 604 3564 moechi
625 3499 716 3576 bona,
740 3498 768 3564 si
789 3497 936 3583 capiendi

134 3599 184 3663 ius
199 3600 324 3664 nullum
338 3601 437 3680 uxori,
461 3599 573 3665 doctus
595 3610 738 3686 spectare
759 3598 898 3676 lacunar,

123 3701 245 3779 ¹doctus
267 3711 300 3768 et
322 3703 363 3768 ad
386 3703 515 3770 calicem
537 3704 684 3790 vigilanti
706 3711 839 3769 stertere
861 3720 955 3780 nas03
