2550 4266
115 209 147 282 ‘t
625 184 661 261 11

115 372 289 460 armigero!
313 371 489 458 simplexne
510 369 598 437 furor
620 368 768 435 sestertia
789 368 919 438 centum

114 476 247 561 perdere
269 483 302 538 et
324 474 468 541 horrenti
489 474 634 537 tunicam
656 496 721 537 11011
743 473 875 536 reddere
898 475 1012 538 servol

34 573 37 585 ¹
115 578 187 665 quis
209 578 345 642 totidem
368 576 469 641 erexit
491 577 591 655 villas,
616 577 687 662 quis
709 577 828 641 fercula
850 586 974 664 septem

115 690 235 747 secreto
258 681 384 748 cenavit
406 686 506 745 avust
528 703 613 745 nunc
636 680 778 766 sportula
798 682 901 766 primo

114 785 226 848 limine
247 807 345 869 parua
367 783 457 849 sedet
479 785 593 848 turbae
616 784 769 870 rapienda
789 792 937 868 togatae:

114 888 168 953 ille
190 897 301 952 tamen
323 887 437 953 faciem
459 888 547 973 prius
569 888 699 973 inspicit
721 896 754 951 et
774 888 924 972 trepidat,
947 908 988 950 ne
1016 928 1019 933 -

114 989 296 1075 suppositus
319 990 429 1055 venias
450 1012 488 1054 ac
510 990 588 1056 falso
610 991 740 1055 nomine
762 1013 879 1076 poscas.
964 1045 965 1048 ,

116 1093 243 1178 agnitus
265 1093 408 1178 accipies.
452 1094 543 1158 iubet
565 1117 586 1160 a
606 1117 761 1180 praecone
783 1095 889 1160 vocari

115 1197 199 1283 ipsos
222 1198 416 1282 Troiugenas
441 1197 528 1280 (nam
550 1207 669 1262 vexant
691 1198 790 1261 limen
813 1206 847 1262 et
869 1196 930 1282 ipsi

115 1302 281 1366 nobiscum
294 1303 314 1386 :)
341 1301 400 1365 ‘da
420 1301 569 1386 praetori,
593 1302 634 1365 da
656 1303 770 1367 deinde
793 1302 939 1368 tribuno?

116 1406 171 1470 sed
192 1405 361 1469 libertinus
382 1405 468 1490 prior
490 1415 546 1471 est.
589 1406 708 1490 ‘prior,'
730 1407 835 1492 inquit
860 1413 934 1491 ‘ego
956 1405 1075 1469 adsum.

116 1532 172 1573 cur
193 1510 329 1573 timeam
349 1508 535 1574 dubitemve
556 1510 663 1573 locum
686 1511 865 1588 defendere,
890 1511 1033 1596 quamvis

116 1621 211 1677 natus
233 1613 274 1677 ad
297 1613 494 1698 Euphraten,
517 1613 628 1677 molles
651 1615 735 1698 quod
758 1615 793 1679 in
815 1639 892 1680 aure
914 1615 1072 1678 fenestrae

116 1717 287 1801 arguerint,
312 1717 387 1782 licet
409 1717 477 1802 ipse
500 1722 638 1802 negem?
661 1718 716 1782 sed
740 1721 881 1804 quinque
903 1719 1055 1783 tabernae
1187 1730 1247 1798 105

116 1821 351 1906 quadringenta
372 1829 495 1906 parant
540 1820 617 1906 quid
640 1821 762 1885 confert
784 1844 926 1908 purpura
947 1821 1049 1886 maior

116 1925 300 2010 optandum,
325 1925 352 1990 si
373 1925 529 1989 Laurenti
553 1926 692 1989 custodit
714 1925 749 1988 in
772 1948 846 2010 agro

117 2028 286 2091 conductas
310 2028 465 2093 Corvinus
489 2050 570 2104 oves,
594 2049 652 2111 ego
674 2028 819 2112 possideo
841 2029 930 2113 plus¹

116 2129 261 2194 Pallante
285 2140 318 2195 et
340 2130 457 2194 Licinis
467 2131 486 2193 Υ
511 2139 696 2215 exspectent
719 2153 792 2214 ergo
815 2130 944 2206 tribuni,

116 2233 247 2298 vincant
267 2234 409 2309 divitiae,
432 2256 521 2298 sacro
543 2255 584 2297 ne
608 2234 700 2299 cedat
721 2233 844 2309 honori,

117 2360 219 2423 nuper
240 2338 275 2401 in
297 2340 380 2402 hanc
401 2338 515 2403 urbem
538 2341 674 2424 pedibus
697 2339 753 2424 qui
775 2344 909 2402 venerat
930 2337 1018 2411 albis,

117 2441 376 2527 quandoquidem
398 2441 483 2507 inter
505 2465 562 2507 nos
585 2443 784 2508 sanctissima
806 2441 991 2506 divitiarum

115 2543 273 2618 maiestas,
298 2544 358 2607 etsi
377 2544 509 2609 'funesta
530 2547 668 2630 pecunia
689 2547 813 2631 templo

116 2645 258 2708 nondum
281 2645 415 2722 habitas
439 2649 544 2712 nullas
566 2671 773 2713 nummorum
796 2647 955 2712 ereximus
976 2668 1055 2721 aras

116 2756 153 2811 ut
176 2747 289 2811 colitur
312 2748 379 2812 Pax
401 2759 499 2833 atque
521 2749 616 2815 Fides
638 2751 781 2815 Victoria
803 2750 914 2815 Virtus
1184 2762 1249 2828 115

117 2873 261 2935 quaeque
284 2852 422 2917 salutato
445 2853 582 2938 crepitat
605 2853 781 2920 Concordia
802 2852 886 2918 nido.

116 2953 171 3016 sed
195 2977 267 3018 cum
291 2977 434 3019 summus
456 2957 559 3020 honor
580 2957 672 3021 finito
695 2965 862 3042 computet
884 2977 976 3032 anno,

116 3057 258 3138 sportula
280 3056 357 3140 quid
379 3057 504 3135 referat,
529 3066 687 3141 quantum
709 3059 887 3122 rationibus
909 3058 1014 3130 addat,

116 3158 193 3242 quid
216 3159 333 3223 facient
356 3160 496 3234 comites,
526 3161 641 3245 quibus
667 3161 742 3224 hinc
764 3168 848 3246 toga,
872 3161 995 3225 calceus
1017 3157 1092 3222 hinc
1115 3166 1164 3223 est

115 3269 149 3327 et
170 3263 262 3347 panis
285 3263 458 3347 fumusque
480 3263 589 3328 domil
612 3264 800 3347 densissima
823 3271 953 3329 centum
1182 3275 1248 3321 120

115 3365 308 3455 quadrantes
330 3366 443 3430 lectica
463 3368 556 3451 petit,
581 3369 789 3453 sequiturque
811 3367 965 3431 maritum

115 3466 268 3552 languida
289 3470 341 3534 vel
361 3492 518 3555 praegnas
542 3479 574 3535 et
597 3472 844 3535 circumducitur
866 3493 953 3536 uxor.

115 3568 167 3633 hic
188 3571 272 3657 petit
294 3573 419 3637 absenti
441 3582 519 3638 nota
541 3575 606 3638 iam
628 3575 759 3639 callidus
780 3582 859 3650 arte,

115 3674 285 3745 ostendens
307 3699 440 3742 vacuam
465 3686 497 3741 et
520 3679 660 3743 clausam
682 3701 740 3765 pro
762 3679 896 3762 coniuge
919 3677 1038 3742 sellam.

116 3772 225 3841 ‘Galla
246 3799 319 3845 mea
341 3780 406 3858 est,’
428 3779 556 3864 inquit,¹
569 3780 680 3846 ‘citius
701 3780 838 3860 dimitte.
883 3779 1036 3843 moraris?
1183 3788 1243 3850 125
