2550 4266
50 221 53 224 ,
149 182 194 249 72
613 142 722 227 XIV

147 341 237 405 arida
261 362 335 405 cum
360 346 431 404 tota
456 338 628 404 descendat
651 362 769 404 aranea
790 331 870 416 tela,

148 446 200 510 hic
222 446 291 510 leve
314 454 493 530 argentum,
516 467 592 509 vasa
614 467 726 529 aspera
747 451 873 528 tergeat
895 442 978 508 alter
989 443 1004 508 1’

147 571 209 613 vox
231 549 353 613 domini
374 549 453 613 furit
474 548 626 613 instantis
647 548 836 633 virgamque
857 547 1009 612 tenentis

148 675 222 737 ergo
245 653 342 716 miser
363 652 513 738 trepidas,
537 675 578 717 ne
601 659 738 716 stercore
760 650 854 715 foeda
875 651 991 716 canino

147 759 230 822 atria
252 758 440 844 displiceant
462 759 561 823 oculis
583 758 743 822 venientis
765 757 869 832 amici,

148 885 189 925 ne
211 862 339 947 perfusa
361 863 429 926 luto
452 862 495 926 sit
519 863 680 946 porticus;
703 872 736 927 et
758 871 869 926 tamen
891 884 957 926 uno

149 967 290 1031 semodio
312 968 414 1031 scobis
435 968 515 1031 haec
537 968 690 1032 emendat
712 967 857 1031 servulus
879 988 980 1030 unus:

148 1072 228 1135 illud
255 1092 320 1135 non
345 1073 461 1157 agitas,
488 1080 527 1135 ut
550 1080 698 1136 sanctam
718 1070 804 1136 filius
824 1068 913 1134 omni

149 1177 282 1262 aspiciat
305 1178 372 1242 sine
395 1177 467 1241 labe
489 1177 622 1240 domum
645 1175 787 1259 vitioque
810 1177 999 1237 carentem?

148 1292 277 1367 gratum
300 1291 348 1346 est
371 1282 455 1368 quod
478 1280 602 1366 patriae
625 1279 727 1343 civem
749 1277 934 1363 populoque
958 1276 1086 1354 dedisti,

149 1385 176 1447 si
198 1385 275 1449 facis
294 1394 332 1449 ut
353 1385 476 1470 patriae
499 1384 541 1447 sit
563 1383 706 1458 idoneus,
730 1381 819 1444 utilis
847 1380 939 1464 agris,

150 1490 239 1554 utilis
259 1499 293 1555 et
316 1490 473 1554 bellorum
496 1497 529 1552 et
551 1488 637 1573 pacis
660 1488 755 1552 rebus
780 1487 918 1572 agendis.

149 1593 325 1677 plurimum
341 1593 428 1657 enirn
443 1592 598 1668 intererit,
612 1593 728 1677 quibus
743 1593 866 1656 artibus
882 1600 915 1655 et
930 1591 1048 1675 quibus
1062 1591 1149 1656 hunc
1163 1597 1194 1655 tu

150 1694 292 1758 moribus
315 1695 473 1759 instituas.
519 1703 667 1779 serpente
691 1695 813 1759 ciconia
835 1695 940 1780 pullos

150 1798 254 1861 nutrit
282 1806 315 1862 et
338 1799 471 1862 inventa
493 1822 551 1884 per
577 1798 671 1862 devia
695 1822 772 1862 rura
796 1800 930 1864 lacerta:

151 1904 199 1967 illi
222 1905 334 1968 eadem
358 1905 494 1990 sumptis
520 1913 681 1991 quaerunt
709 1905 862 1968 animalia
890 1903 1005 1990 pinnis

151 2009 261 2072 vultur
286 2010 431 2072 iumento
456 2017 489 2072 et
509 2010 640 2073 canibus
656 2009 876 2093 ¹crucibusque
900 2008 1020 2073 relictis

151 2113 192 2176 ad
212 2114 297 2178 fetus
323 2122 472 2199 properat
498 2124 688 2201 partemque
716 2115 877 2179 cadaveris
904 2115 1025 2179 adfert:

150 2216 204 2279 hic
230 2225 279 2281 est
305 2239 379 2302 ergo
404 2218 493 2282 cibus
516 2218 626 2302 magni
653 2241 780 2304 quoque
807 2217 944 2282 vulturis
971 2225 1004 2282 et
1028 2240 1063 2282 se

151 2319 318 2403 pascentis,
343 2320 568 2405 propriarum
593 2321 659 2384 iam
685 2322 763 2386 facit
787 2323 898 2386 arbore
923 2322 1024 2386 nidos.
1201 2310 1232 2376 80

152 2421 207 2484 sed
230 2422 370 2508 leporem
395 2433 452 2488 aut
475 2445 622 2508 capream
646 2424 785 2489 famulae
811 2425 897 2489 Iovis
921 2432 954 2488 et
976 2444 1146 2509 generosae

152 2525 186 2588 in
210 2528 293 2591 saltu
317 2538 476 2593 venantur
500 2552 582 2605 aves,
608 2530 683 2594 hinc
706 2532 825 2616 praeda
849 2531 946 2595 cubili

151 2630 299 2713 ponitur:
324 2632 400 2695 inde
421 2642 531 2697 autem
555 2655 628 2696 cum
655 2656 688 2697 se
712 2642 839 2698 matura
862 2633 977 2698 levarit

152 2736 326 2818 progenies,
352 2737 539 2802 stimulante
563 2739 648 2803 fame
674 2739 805 2804 festinat
829 2740 870 2804 ad
895 2740 993 2817 illam,

153 2839 411 2922 quamprimum
436 2841 588 2925 praedam
608 2851 703 2927 rupto
729 2851 914 2926 gustaverat
940 2866 1006 2908 ovo.
1201 2833 1232 2910 85

195 2941 390 3006 Aedificator
415 2953 484 3008 erat
509 2945 678 3010 Cretonius
705 2955 737 3011 et
763 2949 857 3012 modo
883 2971 980 3013 curvo

152 3042 244 3108 litore
270 3046 407 3124 Caietae,
433 3072 560 3113 summa
585 3074 671 3115 nunc
694 3052 820 3116 Tiburis
846 3076 925 3130 aree,

153 3169 238 3211 nunc
262 3149 478 3215 Praenestinis
498 3153 533 3215 in
557 3155 720 3218 montibus
744 3157 810 3219 alta
834 3157 969 3241 parabat

154 3250 294 3315 culmina
317 3255 465 3318 villarum
489 3256 616 3320 Graecis
643 3259 800 3343 longeque
827 3260 938 3344 petitis

153 3356 371 3435 marmoribus,
387 3359 517 3422 vincens
543 3361 704 3426 Fortunae
727 3371 825 3448 atque
849 3365 1000 3429 Herculis
1026 3367 1147 3444 aedem,
1205 3370 1240 3448 90

153 3467 191 3521 ut
215 3460 311 3544 spado
336 3462 484 3526 vincebat
509 3464 667 3549 Capitolia
690 3475 799 3530 nostra
824 3467 960 3532 Posides.

154 3560 232 3624 dum
256 3563 299 3627 sic
324 3587 397 3650 ergo
420 3566 548 3630 habitat
574 3568 748 3647 Cretonius,
770 3571 924 3636 inminuit
949 3595 1027 3649 rem,
1141 3579 1146 3591 ¹

154 3667 248 3752 fregit
275 3691 369 3753 opes;
398 3694 457 3735 nee
482 3693 581 3755 parva
605 3680 715 3736 tamen
740 3696 890 3737 mensura
911 3676 1042 3742 relictae

154 3770 254 3852 partis
278 3781 364 3837 erat:
397 3781 500 3837 totam
523 3773 606 3837 hanc
629 3774 773 3864 turbavit
798 3775 883 3841 filius
908 3799 1027 3854 amens,
