2550 4266
581 123 687 202 XIV

100 298 325 396 'landem-*pro
350 308 463 375 multis
488 307 542 374 vix
566 309 677 394 iugera
701 308 779 373 bina
803 309 964 373 dabantur

120 398 305 478 vulneribus.
344 434 465 477 merces
490 412 570 476 haec
596 412 760 497 sanguinis
784 421 882 498 atque
906 414 1022 478 laboris

118 503 203 574 nullis
234 519 302 584 visa
325 541 482 603 umquam
507 519 632 582 meritis
655 519 760 582 minor
783 527 841 582 aut
864 519 1009 604 ingratae

116 617 198 678 curta,
231 623 310 688 fides
336 623 468 708 patriae.
513 623 679 688 saturabat
702 624 832 708 glebula
854 625 929 689 talis

85 722 88 729 “
116 717 239 792 patrem
264 727 372 811 ipsum
399 726 594 810 turbamque
618 732 719 802 casae,
745 749 809 812 qua
834 729 901 792 feta
924 729 1049 793 iacebat

116 833 189 884 uxor
218 840 251 896 et
277 831 417 895 infantes
441 831 598 896 ludebant
625 841 785 916 quattuor,
812 856 896 897 unus

118 935 253 1014 let11ula,
277 943 343 1000 tres
366 935 507 1014 domini;
529 935 586 999 sed
609 936 734 1021 magnis
755 937 907 1001 fratribus
932 939 1047 1003 horum

92 1037 137 1086 0a
158 1039 263 1102 scrobe
285 1039 337 1103 vel
361 1038 448 1102 sulco
471 1038 682 1102 redeuntibus
707 1039 810 1103 altera
831 1063 910 1105 cena

57 1208 60 1211 Α
123 1137 248 1219 amplior
269 1148 303 1206 et
325 1141 461 1226 grandes
484 1141 654 1207 fumabant
679 1141 824 1226 pultibus
849 1143 936 1208 ollae.
1000 1219 1001 1223 η

126 1248 201 1310 nunc
219 1247 333 1312 modus
358 1246 411 1314 hic
434 1248 503 1332 agri
526 1256 635 1311 nostre
655 1270 720 1310 non
743 1247 860 1311 sufficit
884 1237 990 1314 horto,

129 1331 191 1412 inde
211 1351 275 1417 fere
296 1352 452 1418 scelerum
473 1373 594 1430 causae,
618 1374 678 1416 nec
701 1352 795 1436 plura
815 1375 940 1418 venena

131 1446 241 1518 miscuit
264 1463 322 1523 aut
344 1455 426 1536 terro
452 1463 615 1538 grassatur
638 1455 765 1540 saepius
789 1455 892 1519 ullum

86 1547 272 1624 75hurnanae
294 1557 413 1627 mentis
435 1556 553 1622 vitium
578 1579 675 1641 quam
700 1581 795 1622 saeva
819 1559 934 1643 cupido

125 1654 263 1726 inmodici
288 1681 409 1727 census.
454 1681 532 1726 nam
558 1660 646 1725 dives
671 1662 727 1746 qui
750 1662 822 1726 fieri
844 1665 924 1740 vult,

123 1771 150 1827 a
171 1765 232 1829 cito
255 1766 326 1829 vult
349 1764 438 1830 fieri:
462 1766 517 1829 sed
540 1788 622 1850 quae
644 1767 824 1832 reverentia
849 1769 968 1852 legum,

118 1869 183 1953 quis
206 1877 313 1934 metus
339 1878 397 1934 aut
420 1869 524 1955 pudor
551 1879 601 1934 est
624 1894 779 1956 umquam
802 1872 1004 1957 properantis
1027 1871 1137 1938 ararit

118 1972 229 2036 ‘vivite
253 1972 396 2036 contenti
420 1972 535 2037 casulis
560 1981 593 2036 et
617 1974 750 2038 collibus
773 1974 850 2053 istie,

57 2053 132 2142 8Οο
156 2077 282 2163 pueril'
312 2079 439 2142 Marsus
464 2078 590 2142 dicebat
613 2088 646 2143 et
670 2080 832 2144 Hernicus
857 2081 934 2144 olim

113 2185 335 2268 Vestinusque
355 2206 453 2247 senex
479 2190 613 2269 ‘panem
636 2206 827 2269 quaeramus
851 2193 965 2264 aratr0,

111 2288 166 2372 qui
190 2287 269 2352 satis
292 2296 342 2351 est
365 2286 492 2351 mensis.
537 2286 672 2351 laudant
693 2287 753 2352 hoc
777 2288 912 2352 numina
934 2288 1024 2364 ruris

110 2413 248 2475 quorum
272 2412 332 2475 ope
356 2397 389 2453 et
413 2390 533 2454 auxilio
557 2398 668 2475 gratae
691 2402 764 2475 post
787 2413 905 2454 munus
925 2391 1042 2454 aristae

110 2494 303 2578 contingunt
328 2493 453 2556 homini
476 2494 594 2557 veteris
620 2494 750 2558 fastidia
773 2517 914 2578 quercus

57 2588 95 2672 35
109 2597 157 2660 nil
179 2596 320 2660 vetitum
345 2596 456 2661 fecisse
478 2597 572 2673 volet,
596 2619 693 2681 quem
713 2620 777 2661 non
802 2598 902 2682 pudet
922 2597 987 2661 alto
1024 2659 1027 2669 ,

108 2725 168 2788 per
190 2702 327 2787 glaciem
352 2724 471 2786 perone
495 2703 570 2786 tegi,
592 2703 648 2786 qui
671 2710 852 2765 summovet
875 2723 966 2764 curos

109 2809 259 2895 pellibus
273 2808 407 2872 inversis
419 2831 427 2887 ;
449 2808 619 2892 peregrina
641 2809 815 2894 ignotaque
841 2807 933 2870 nobis

108 2913 150 2977 ad
172 2912 275 2976 scelus
300 2919 398 2996 atque
421 2912 519 2987 nefas,
545 2933 766 2996 quaecumque
789 2918 845 2986 est,
870 2932 1013 2994 purpura
1033 2907 1138 2972 ducit’

107 3016 188 3079 haec
211 3015 259 3078 illi
282 3024 407 3080 veteres
433 3025 604 3099 praecepta
627 3014 811 3078 minoribus
856 3021 890 3076 at
916 3035 1002 3075 nunc

57 3139 95 3206 >0
108 3130 182 3206 post
205 3121 304 3185 finem
329 3122 478 3187 autumni
500 3122 607 3186 media
630 3121 670 3185 de
696 3129 790 3185 nocte
815 3119 966 3203 supinum

76 3210 78 3214 ⁵
109 3226 267 3289 clamosus
290 3226 440 3290 iuvenem
464 3235 557 3311 pater
582 3228 721 3292 excitat:
748 3225 871 3310 ‘accipe
892 3245 986 3297 ceras,

108 3328 219 3403 scribe,
238 3351 332 3412 puer,
354 3328 460 3413 vigila,
488 3352 598 3393 causas
623 3351 690 3413 age,
716 3329 844 3413 perlege
863 3327 975 3389 rubras

108 3435 268 3518 maiorum
291 3435 379 3520 leges
402 3444 460 3500 aut
483 3436 584 3499 vitem
606 3457 699 3519 posce
724 3433 840 3498 libelln

108 3543 166 3608 sed
190 3550 288 3630 caput
312 3543 473 3607 intactum
496 3542 582 3604 buxo
609 3561 764 3623 naresque
784 3538 901 3623 pilosas

57 3673 68 3738 >
74 3669 94 3738 5
110 3651 244 3714 adnotet
264 3656 298 3713 et
320 3648 458 3732 grandes
482 3647 618 3710 miretur
641 3646 769 3709 Laelius
787 3645 861 3708 alas

110 3751 203 3816 dirue
226 3749 413 3814 Maurorum
439 3749 584 3834 attegias,
611 3749 741 3813 castella
764 3748 964 3831 Brigantum,
