2550 4266
591 198 615 276 I

21 459 25 463 Δ
68 384 180 467 profer
201 383 295 465 Galla
316 391 431 472 caput!
453 386 518 451 noli
540 408 665 463 vexare,
686 382 846 472 quiescet’

139 486 213 569 Ipse
236 486 303 549 dies
323 489 458 571 pulchro
478 488 691 574 distinguitur
713 490 823 554 ordine
845 512 971 556 rerum:

69 587 224 672 sportula,
248 588 363 653 deinde
385 591 490 655 forum
512 592 653 677 iurisque
676 593 799 677 peritus
821 593 936 678 Apollo

68 702 171 777 atque
193 693 413 779 triumphales,
437 695 522 760 inter
544 719 623 781 quas
646 719 742 760 ausus
763 697 881 761 habere

9 823 56 891 30
68 797 178 862 nescio
202 798 273 883 quis
296 798 408 862 titulos
429 800 610 885 Aegyptius
633 810 731 885 atque
752 800 961 876 Arabarches,

69 901 163 965 cuius
185 901 226 965 ad
248 902 386 986 effigiem
409 924 474 967 non
496 912 626 967 tantum
648 905 767 969 meiere
789 905 836 969 fas
858 912 914 969 est
946 940 948 945 v

67 1002 239 1066 vestibulis
263 1001 383 1067 abeunt
405 1012 530 1067 veteres
552 1005 689 1089 lassique
712 1005 844 1068 clientes

68 1115 210 1191 votaque
234 1107 407 1191 deponunt,
433 1130 630 1193 quamquam
653 1107 838 1192 longissima
861 1127 957 1172 cenae

68 1233 144 1296 spes
166 1210 309 1275 homini:
334 1204 433 1276 ca'ulis
455 1212 579 1276 miseris
602 1221 701 1297 atque
724 1211 807 1297 ignis
831 1211 993 1276 emendus

9 1341 26 1407 3
29 1336 54 1404 5
69 1316 194 1400 optima
216 1316 368 1380 silvarum
391 1316 517 1381 interea
537 1317 709 1402 pelagique
731 1304 856 1381 ubrabit

67 1440 129 1482 rex
150 1419 273 1494 horum,
298 1419 470 1504 vacuisque
493 1420 571 1484 toris
593 1428 724 1485 tantum
745 1420 813 1504 ipse
835 1418 960 1484 iacebit.

67 1545 149 1586 nam
171 1522 211 1586 de
233 1523 446 1607 totpulchn's
469 1532 502 1587 et
524 1523 599 1588 latis
622 1524 751 1588 orbibus
773 1533 898 1589 ettam

68 1626 214 1710 antiquis
236 1648 302 1690 una
324 1627 497 1690 comedunt
519 1627 713 1711 patrimonia
734 1650 853 1692 mensa

67 1729 180 1792 nullus
202 1729 268 1793 iam
289 1730 448 1814 parasitus
471 1729 539 1794 erit.
586 1729 642 1793 sed
665 1729 736 1814 quis
758 1729 841 1792 ferat
863 1729 940 1792 istas

10 1857 54 1921 40
67 1832 216 1898 luxuriae
239 1833 367 1897 sordesl
398 1842 520 1917 quanta
543 1841 591 1896 est
613 1833 697 1918 gula,
721 1854 803 1915 quae
826 1831 887 1896 sibi
909 1840 993 1895 totos

67 1936 163 2022 ponit
185 1958 286 2021 apros,
311 1937 430 2001 animal
453 1945 583 2021 propter
606 1936 751 2000 convivia
773 1939 906 1999 natum!

67 2063 175 2126 poena
195 2050 305 2104 tamen
328 2063 486 2125 praesens,
510 2063 583 2104 cum
605 2048 642 2104 tu
664 2040 796 2124 deponis
819 2039 955 2103 amictus

68 2144 217 2228 turgidus
240 2143 430 2208 et-crudum
453 2165 611 2228 pavonem
633 2144 668 2206 in
690 2143 805 2207 balnea
826 2151 941 2228 portas.

67 2247 146 2312 hinc
167 2247 293 2311 subitae
316 2256 434 2312 mortes
457 2255 555 2331 atque
577 2247 733 2311 intestata
755 2255 910 2323 senectus,

9 2372 55 2440 45
69 2360 104 2417 et
126 2375 209 2416 nova
230 2373 289 2415 nec
312 2351 413 2415 tristis
435 2374 493 2437 per
515 2361 645 2415 cunctas
668 2349 777 2424 fabula
800 2370 893 2415 cenas

67 2456 198 2520 ducitur
220 2455 310 2520 iratis
331 2454 551 2541 plaudendum
573 2454 669 2518 funus
693 2453 811 2519 amicis.

136 2558 193 2622 Nil
215 2558 277 2622 erit
299 2557 441 2633 ulterius,
467 2558 550 2642 quod
573 2557 689 2621 nostris
711 2557 853 2621 moribus
875 2556 972 2621 addat

69 2661 259 2748 posteritas;
282 2660 394 2724 eadem
416 2659 535 2724 facient
558 2660 752 2745 cupientque
775 2659 920 2736 minores,

71 2785 166 2827 omne
188 2762 222 2825 in
244 2762 413 2847 praecipiti
435 2762 552 2826 vitium
576 2763 688 2840 stetit3
712 2770 803 2826 utere
826 2763 912 2838 velis,

14 2889 59 2957 50
68 2876 154 2931 totos
175 2865 281 2950 pande
303 2864 411 2928 sinus!
436 2864 521 2928 dicas
543 2864 596 2928 hic
617 2865 771 2928 forsitan:
796 2865 898 2929 ‘unde

70 2967 240 3053 ingenium
260 2988 320 3052 par
342 2967 518 3033 materiael
540 2968 627 3032 unde
649 2968 705 3031 illa
727 2966 868 3053 priorum

71 3070 230 3138 scribendi
253 3069 477 3156 quodcumque
500 3072 607 3136 animo
630 3072 785 3156 flagrante
807 3071 921 3136 liberet

71 3175 258 3260 simplicitas
283 3171 402 3238 “cuius
424 3197 489 3238 non
511 3175 613 3239 audeo
636 3175 741 3239 dicere
764 3179 902 3239 nomenl

72 3279 150 3365 quid
172 3279 269 3343 refert
291 3276 385 3343 dictis
408 3277 551 3364 ignoscat
573 3279 700 3343 Mucius
723 3303 765 3343 an
786 3277 893 3343 nonl’'

17 3399 60 3467 55
72 3403 156 3467 pone
179 3382 381 3466 Tigellinum,
406 3381 501 3446 taeda
522 3382 642 3445 lucebis
664 3382 699 3444 in
722 3381 785 3460 illa,

74 3507 138 3570 qua
159 3492 281 3548 stantes
303 3481 425 3560 ardent,
450 3483 505 3568 qui
527 3482 591 3547 fixo
613 3493 740 3569 pectore
762 3485 896 3562 fumant,

74 3596 108 3652 et
129 3587 233 3650 latum
256 3585 363 3652 media
384 3588 508 3652 sulcum
532 3587 662 3651 deducit
685 3588 822 3653 harena?

74 3690 131 3774 qui
152 3690 242 3754 dedit
264 3714 338 3777 ergo
360 3691 463 3755 tribus
485 3692 608 3776 patruis
630 3692 764 3768 aconita,
788 3692 923 3755 vehatur

74 3793 250 3880 pensilibus
272 3794 399 3880 plumis,
422 3803 520 3879 atque
543 3793 630 3856 illinc
653 3793 806 3878 despiciat
829 3797 908 3859 nost
