2550 4266
117 202 164 301 ‘aa
572 190 698 280 vnr'

96 387 224 464 ,obvius
248 383 380 450 adsiduo
404 384 624 470 Syrophoenix
649 386 733 450 udus
755 411 882 454 amomo

109 487 230 575 [currit
244 489 417 553 Idumaeae
436 487 656 572 Syrophoenix
681 489 784 553 incola
805 495 932 579 portae]

111 595 247 681 hospitis
272 593 400 658 adiectu
424 592 591 656 dominum
614 615 787 679 regemque
811 597 940 672 salutat,

112 707 146 763 et
171 720 245 762 cum
269 696 375 761 venali
401 695 510 779 Cyane
534 695 694 759 succincte
720 697 842 781 lagona

111 800 257 866 defensor
280 799 392 885 culpae
416 797 501 862 dicet
526 797 607 860 mihi
634 797 784 862 ‘fecimus
810 808 843 863 et
866 823 924 864 nos

112 904 189 969 haec
212 903 360 968 iuvenes?
404 912 479 967 esto.
517 901 628 966 desisti
652 924 778 988 nempe,
805 927 865 968 nec
888 905 976 968 ultra

110 1006 218 1071 scvisti
244 1026 389 1071 errorem.
432 1005 529 1069 breve
554 1006 605 1081 sit,
629 1006 715 1089 quod
739 1007 878 1091 turpiter
899 1009 1006 1085 audes,

110 1111 268 1195 quaedam
294 1134 367 1175 cum
389 1110 494 1197 prima
516 1120 699 1173 resecentur
722 1111 856 1174 crimina
877 1111 985 1186 barba

110 1211 239 1298 indulge
261 1214 387 1277 veniam
409 1212 523 1298 pueris.
566 1211 743 1277 lateranus
765 1213 806 1276 ad
828 1214 899 1278 illos

110 1316 308 1380 thermarum
332 1317 445 1381 calices
469 1314 686 1400 inscriptaque
713 1316 815 1380 lintea
838 1318 926 1380 vadit

109 1429 253 1483 maturus
276 1419 369 1493 bello,
386 1417 560 1483 Armeniae
583 1417 759 1502 Syriaeque
791 1420 921 1483 tuendis

108 1523 256 1587 amnibus
275 1531 309 1587 et
334 1522 447 1586 Rheno
463 1530 561 1610 atque
576 1522 689 1606 Histro
698 1550 707 1606 3
720 1531 882 1607 praestare
905 1523 1070 1587 Neronem

108 1647 254 1690 securum
279 1626 365 1690 valet
388 1626 467 1690 haec
490 1632 585 1690 aetas.
630 1625 725 1688 mitte
750 1625 849 1702 Ostia,
869 1626 1002 1702 *Caesen

107 1729 210 1806 mitte,
238 1730 292 1795 sed
319 1730 354 1794 in
379 1750 496 1814 magna
520 1729 664 1814 legatum
686 1751 803 1813 quaere
826 1730 959 1815 popina;

107 1831 250 1897 invenies
276 1832 383 1918 aliquo
409 1854 481 1895 curn
505 1853 687 1916 percussore
713 1831 880 1910 iacentem,

105 1935 302 2021 permixtum
325 1935 433 1998 nautis
457 1941 490 1997 et
513 1933 636 1997 furibus
655 1952 692 1997 ac
714 1933 866 2018 fugitivis,

105 2038 190 2104 inter
216 2039 377 2104 carnifices
403 2049 436 2103 et
460 2039 564 2102 fabros
588 2037 824 2123 sandapilarum

105 2150 138 2207 ot
153 2142 330 2230 resupinati
353 2142 509 2208 cessantia
534 2150 690 2227 tympana
714 2141 799 2226 galli.

104 2271 207 2334 aequa
230 2241 275 2315 ibt
299 2246 437 2323 libertas,
462 2245 645 2310 communia
667 2246 788 2331 poeula,
813 2245 913 2310 lectus

104 2373 169 2415 ncn
193 2351 273 2416 alius
299 2351 457 2436 cuiquam,
483 2371 543 2413 nec
567 2371 679 2413 mensa
704 2349 854 2413 remotior
877 2349 943 2414 ulli.

105 2454 182 2540 quid
205 2453 302 2519 iacies
325 2455 425 2518 talem
452 2453 591 2528 sortitus,
613 2452 753 2528 Pontice,
778 2460 923 2518 servuml

104 2579 220 2643 nempe
244 2557 279 2620 in
304 2555 449 2620 Lucanos
473 2563 531 2618 aut
558 2555 661 2619 Tusca
685 2555 846 2639 ergastula
868 2557 988 2622 mittas

104 2667 139 2724 at
162 2681 225 2736 vos,
250 2659 454 2743 Troiugenae,
475 2657 565 2721 vobis
591 2657 762 2742 ignoscitis,
788 2667 927 2742 atquae

103 2762 212 2848 turpia
227 2761 373 2838 Cerdoni,
400 2762 532 2826 Volesos
560 2761 762 2844 Brutumque
785 2760 952 2826 docebunt.

149 2863 243 2945 Quid,
260 2862 287 2928 si
305 2885 484 2949 numquam
504 2863 584 2926 adeo
602 2862 703 2926 foedis
721 2864 865 2948 adeoque
879 2865 1038 2950 pudendis

104 2966 227 3032 utimur
252 2966 415 3052 exemplis,
442 2975 567 3030 utnon
592 2965 700 3050 peiora
726 2967 909 3052 supersintl

105 3071 300 3157 consumptis
324 3070 437 3156 opibus
461 3092 578 3148 vocem,
603 3070 807 3156 Damasippe,
835 3070 945 3135 locasti

105 3175 228 3263 sipario,
253 3176 425 3239 clamosum
450 3195 559 3258 ageres
582 3182 621 3236 ut
645 3173 781 3258 phasma
806 3173 933 3239 Catulli.

106 3279 297 3344 Laureolum
321 3280 415 3344 velox
437 3278 536 3342 etiam
561 3278 644 3342 bene
668 3277 824 3341 Lentulus
851 3276 926 3360 egit,

105 3382 209 3448 iudice
232 3405 284 3447 me
308 3382 422 3468 dignus
449 3404 524 3446 vera
549 3402 648 3446 eruce.
693 3403 752 3445 nec
778 3389 888 3445 tamen
912 3379 974 3466 ipsi

106 3484 248 3570 ignoscas
269 3486 402 3571 populo;
424 3484 535 3572 populi
558 3485 644 3549 frons
670 3484 779 3548 durior
804 3485 909 3562 huius,

107 3587 163 3673 qui
188 3587 329 3653 sedetet
355 3595 480 3674 spectat
503 3589 666 3653 triscurria
690 3586 908 3673 patriciorum,

106 3689 292 3778 planipedes
315 3692 406 3756 audit
431 3692 555 3771 Fabios,
579 3692 683 3757 ridere
708 3701 815 3777 potest
830 3691 887 3776 qui

108 3790 339 3858 Mamercorum
362 3793 476 3880 alapas
522 3794 636 3880 quanti
659 3815 718 3858 sua
742 3793 856 3858 funera
878 3791 1028 3867 vendant,
