2602 4282
121 234 173 304 aa
626 206 671 285 X
678 206 680 210 ’

123 380 290 445 Brutidius
311 381 469 446 1110113011
487 381 600 446 Martis
623 383 687 448 fuit
709 383 821 450 obvius
844 385 940 452 aram.

123 509 221 570 quam
243 486 350 562 timeo,
373 487 477 550 victus
498 509 540 551 ne
561 510 680 573 poenas
704 489 810 573 exigat
828 491 913 554 Aiax

122 597 160 652 ut
182 588 266 651 male
288 588 456 652 delemus!
478 611 642 653 curramus
664 591 854 676 praecipites
876 601 918 668 et,

123 693 201 757 dum
224 692 363 756 iacetin
384 692 462 777 ripa,
486 693 643 757 calcemus
666 692 810 757 Caesaris
832 694 964 760 hostem.

123 795 179 858 sed
201 794 332 859 videant
354 795 445 870 servi,
469 818 510 859 ne
534 796 605 881 quis
627 804 725 881 neget
747 805 781 860 et
802 797 955 881 pavidum
978 799 1013 862 in
1036 800 1092 864 ius

123 899 243 962 cervice
267 898 418 962 obstricta
440 899 607 962 dominum
630 899 763 964 trahat.”
807 901 842 964 hi
864 924 1025 967 sermones

123 1010 201 1065 tunc
224 1001 262 1064 de
286 1000 410 1077 Seiano,
434 1009 555 1065 secreta
575 1001 655 1065 haec
678 1021 844 1066 murmura
866 1003 965 1088 vulgi.

122 1103 212 1167 visne
235 1103 367 1167 salutari
388 1105 471 1168 sicut
494 1105 651 1168 Seianus?
673 1105 792 1170 habere

122 1206 316 1269 tantundem
339 1215 436 1292 atque
456 1208 506 1271 1111
529 1230 670 1286 summas
691 1210 809 1274 donare
831 1212 964 1289 curules,

113 1309 213 1372 illum
236 1310 427 1374 exercitibus
448 1332 653 1396 praeponere,
676 1319 765 1377 tutor
786 1313 897 1377 haberi

121 1413 271 1498 principis
294 1421 430 1498 angusta
453 1413 649 1498 Caprearum
670 1415 706 1479 in
728 1439 807 1502 rupe
830 1418 968 1485 sedentis

122 1537 195 1578 cum
216 1538 312 1600 grege
335 1514 518 1581 Chaldaeo?
540 1516 587 1580 vis
610 1523 700 1582 certe
718 1519 785 1603 pila
807 1520 958 1598 cohortes

122 1619 264 1705 egregios
287 1619 411 1703 equites
433 1626 466 1682 et
488 1628 592 1683 castra
615 1619 810 1685 domestica?
834 1622 946 1706 quidni

121 1723 201 1786 haec
223 1723 355 1807 cupias?
377 1731 410 1787 et
433 1723 488 1807 qui
510 1725 625 1788 nolunt
648 1725 788 1788 occidere
812 1749 1015 1812 quemquam,

121 1849 212 1912 posse
234 1827 353 1891 volunt.
398 1827 454 1890 sed
477 1849 559 1910 quae
581 1828 743 1911 praeclara
764 1837 797 1892 et
818 1852 968 1914 prospera
989 1834 1086 1912 tanti,

13 1954 15 1958 ⁴
121 1939 160 1994 ut
181 1931 275 1994 rebus
297 1930 390 1994 laetis
412 1951 471 2014 par
493 1929 534 1992 sit
556 1951 705 1995 mensura
727 1930 907 1996 malorum?

122 2035 226 2110 huius,
250 2034 306 2118 qui
327 2033 474 2107 trahitur,
499 2040 698 2116 praetextam
721 2056 845 2098 sumere
868 2035 977 2112 mavis,

122 2160 164 2200 an
186 2136 381 2199 Fidenarum
403 2136 640 2220 Gabiorumque
663 2158 732 2200 esso
753 2145 894 2222 potestas

123 2250 156 2305 et
178 2241 222 2304 de'
240 2262 390 2305 mensura
410 2239 461 2303 ius
484 2239 596 2315 dicere,
619 2262 695 2304 vasa
716 2240 841 2306 minora

122 2344 267 2428 frangere
291 2366 451 2429 pannosus
474 2342 582 2407 vacuis
604 2343 716 2407 aedihs
738 2345 893 2410 Ulubris?

123 2469 196 2531 ergo
219 2446 296 2532 quid
319 2446 495 2531 optandum
517 2445 607 2522 foret,
630 2446 790 2530 ignorasse
813 2448 923 2513 fateris

124 2551 295 2631 Seianum
317 2572 393 2613 nam
416 2549 472 2634 qui
494 2547 610 2612 nimios
633 2551 765 2633 optabat
787 2550 919 2616 honores

124 2665 157 2720 et
179 2655 293 2718 nimias
315 2655 466 2740 poscebat
489 2675 573 2738 opes,
596 2676 767 2718 numerosa
787 2655 921 2739 parabat
950 2718 952 2720 ,

126 2760 267 2825 excelsae
289 2759 387 2822 turris
409 2758 564 2832 tabulata,
588 2757 673 2820 unde
697 2757 791 2821 altior
813 2768 896 2823 esset
923 2782 925 2788 ⁴

125 2886 214 2927 casus
237 2870 270 2926 et
292 2862 450 2948 impulsae
472 2883 625 2947 praeceps
647 2861 791 2927 immane
809 2864 930 2930 ruinae.

126 2965 205 3052 quid
227 2965 363 3042 Crassos
386 2965 464 3050 quid
487 2963 654 3049 Pompeios
677 2967 800 3041 evertit,
824 2975 858 3030 et
879 2967 979 3047 illum,

124 3068 166 3132 ad
188 3091 246 3132 sua
268 3069 324 3152 qui
347 3068 484 3134 domitos
506 3069 641 3132 deduxit
662 3069 763 3153 flagra
785 3068 949 3149 Quirites?

83 3205 84 3210 ¹
126 3194 271 3236 summus
293 3195 409 3257 nempe
431 3174 518 3237 locus
540 3174 630 3236 nulla
650 3195 716 3237 non
737 3183 806 3237 arte
828 3174 949 3258 petitus

125 3297 306 3360 magnaque
328 3276 515 3340 numinibus
536 3283 612 3339 vota
633 3277 785 3340 exaudita
802 3277 958 3361 malignis.

30 3460 33 3465 .
126 3379 167 3442 ad
189 3400 343 3463 generum
366 3379 491 3443 Cereris
513 3379 581 3442 sine
603 3379 699 3443 caede
721 3402 758 3443 ac
780 3381 912 3444 vulnere
933 3381 1029 3465 pauci

127 3479 324 3546 descendunt
346 3504 435 3567 reges
458 3491 491 3546 et
513 3482 595 3545 sicca
616 3490 719 3546 morte
741 3482 880 3567 tyranni.

170 3584 343 3669 Eloquium
365 3608 402 3649 ac
423 3586 543 3650 famam
565 3585 792 3649 Demosthenis
815 3595 872 3651 aut
894 3585 1056 3652 Ciceronis

127 3687 241 3772 incipit
264 3696 375 3772 optare
398 3696 431 3752 et
453 3687 530 3751 totis
553 3687 801 3773 quinquatribus
823 3697 923 3774 optat,

128 3789 271 3887 quisquis
293 3789 397 3855 adhuc
419 3812 484 3854 uno
505 3812 635 3876 paream
657 3790 733 3855 colit
755 3814 824 3856 asse
847 3792 1036 3869 Minervam,
