<?xml version="1.0" encoding="UTF-8"?>
<!DOCTYPE html PUBLIC "-//W3C//DTD XHTML 1.0 Transitional//EN"
    "http://www.w3.org/TR/xhtml1/DTD/xhtml1-transitional.dtd">
<html xmlns="http://www.w3.org/1999/xhtml" xml:lang="en" lang="en">
 <head>
  <title>
</title>
<meta http-equiv="Content-Type" content="text/html;charset=utf-8" />
  <meta name='ocr-system' content='tesseract 3.04.00' />
  <meta name='ocr-capabilities' content='ocr_page ocr_carea ocr_par ocr_line ocrx_word'/>
</head>
<body>
  <div class='ocr_page' id='page_1' title='image "./thirteensatires00juvegoog_0074.png"; bbox 0 0 2550 4266; ppageno 0'>
   <div class='ocr_carea' id='block_1_1' title="bbox 547 216 659 292">
    <p class='ocr_par' dir='ltr' id='par_1_1' title="bbox 547 216 659 292">
     <span class='ocr_line' id='line_1_1' title="bbox 547 216 659 292; baseline 0 0"><span class='ocrx_word' id='word_1_1' title='bbox 547 216 659 292; x_wconf 85' lang='lat' dir='ltr'>XIII</span> 
     </span>
    </p>
   </div>
   <div class='ocr_carea' id='block_1_2' title="bbox 10 388 1017 897">
    <p class='ocr_par' dir='ltr' id='par_1_2' title="bbox 10 388 1017 897">
     <span class='ocr_line' id='line_1_2' title="bbox 60 388 882 480; baseline 0.005 -24"><span class='ocrx_word' id='word_1_2' title='bbox 60 413 222 480; x_wconf 89' lang='lat' dir='ltr'><strong>ponamus</strong></span> <span class='ocrx_word' id='word_1_3' title='bbox 244 388 361 456; x_wconf 89' lang='lat' dir='ltr'><strong>nimios</strong></span> <span class='ocrx_word' id='word_1_4' title='bbox 381 389 530 476; x_wconf 82' lang='lat' dir='ltr'><strong>gemitus.</strong></span> <span class='ocrx_word' id='word_1_5' title='bbox 574 391 759 476; x_wconf 89' lang='lat' dir='ltr'><strong>flagrantior</strong></span> <span class='ocrx_word' id='word_1_6' title='bbox 781 416 882 480; x_wconf 89' lang='lat' dir='ltr'><strong>aequo</strong></span> 
     </span>
     <span class='ocr_line' id='line_1_3' title="bbox 60 495 907 576; baseline 0.004 -15"><span class='ocrx_word' id='word_1_7' title='bbox 60 519 129 561; x_wconf 87' lang='lat' dir='ltr'><strong>non</strong></span> <span class='ocrx_word' id='word_1_8' title='bbox 151 496 248 560; x_wconf 89' lang='lat' dir='ltr'><strong>debet</strong></span> <span class='ocrx_word' id='word_1_9' title='bbox 270 495 360 559; x_wconf 92' lang='lat' dir='ltr'><strong>dolor</strong></span> <span class='ocrx_word' id='word_1_10' title='bbox 380 516 449 559; x_wconf 89' lang='lat' dir='ltr'><strong>esse</strong></span> <span class='ocrx_word' id='word_1_11' title='bbox 470 495 540 576; x_wconf 88' lang='lat' dir='ltr'><strong>viri,</strong></span> <span class='ocrx_word' id='word_1_12' title='bbox 563 517 623 560; x_wconf 91' lang='lat' dir='ltr'><strong>nec</strong></span> <span class='ocrx_word' id='word_1_13' title='bbox 644 496 776 562; x_wconf 88' lang='lat' dir='ltr'><strong>vulnere</strong></span> <span class='ocrx_word' id='word_1_14' title='bbox 799 500 907 565; x_wconf 90' lang='lat' dir='ltr'><strong>maior.</strong></span> 
     </span>
     <span class='ocr_line' id='line_1_4' title="bbox 60 599 1017 687; baseline 0.004 -22"><span class='ocrx_word' id='word_1_15' title='bbox 60 609 102 665; x_wconf 92' lang='lat' dir='ltr'><strong>tu</strong></span> <span class='ocrx_word' id='word_1_16' title='bbox 123 600 270 687; x_wconf 89' lang='lat' dir='ltr'><strong>quamvis</strong></span> <span class='ocrx_word' id='word_1_17' title='bbox 291 599 413 664; x_wconf 89' lang='lat' dir='ltr'><strong>levium</strong></span> <span class='ocrx_word' id='word_1_18' title='bbox 435 599 604 663; x_wconf 84' lang='lat' dir='ltr'><strong>minimam</strong></span> <span class='ocrx_word' id='word_1_19' title='bbox 626 599 839 686; x_wconf 85' lang='lat' dir='ltr'><strong>exiguamque</strong></span> <span class='ocrx_word' id='word_1_20' title='bbox 859 603 1017 668; x_wconf 87' lang='lat' dir='ltr'><strong>malorum</strong></span> 
     </span>
     <span class='ocr_line' id='line_1_5' title="bbox 60 690 940 789; baseline 0.002 -23"><span class='ocrx_word' id='word_1_21' title='bbox 60 690 255 789; x_wconf 77' lang='lat' dir='ltr'><strong>particulam</strong></span> <span class='ocrx_word' id='word_1_22' title='bbox 276 701 332 766; x_wconf 90' lang='lat' dir='ltr'><strong>vix</strong></span> <span class='ocrx_word' id='word_1_23' title='bbox 353 701 436 766; x_wconf 86' lang='lat' dir='ltr'><strong>ferre</strong></span> <span class='ocrx_word' id='word_1_24' title='bbox 458 708 557 786; x_wconf 89' lang='lat' dir='ltr'><strong>potes,</strong></span> <span class='ocrx_word' id='word_1_25' title='bbox 581 702 805 786; x_wconf 79' lang='lat' dir='ltr'><strong>spumantibus</strong></span> <span class='ocrx_word' id='word_1_26' title='bbox 826 704 940 768; x_wconf 86' lang='lat' dir='ltr'><strong>ardens</strong></span> 
     </span>
     <span class='ocr_line' id='line_1_6' title="bbox 10 800 952 897; baseline 0.002 -26"><span class='ocrx_word' id='word_1_27' title='bbox 10 827 47 897; x_wconf 79' lang='lat'><strong>:5</strong></span> <span class='ocrx_word' id='word_1_28' title='bbox 61 800 245 882; x_wconf 87' lang='lat' dir='ltr'><strong>visceribus,</strong></span> <span class='ocrx_word' id='word_1_29' title='bbox 269 826 395 870; x_wconf 89' lang='lat' dir='ltr'><strong>sacrum</strong></span> <span class='ocrx_word' id='word_1_30' title='bbox 416 804 479 870; x_wconf 89' lang='lat' dir='ltr'><strong>tibi</strong></span> <span class='ocrx_word' id='word_1_31' title='bbox 501 805 587 891; x_wconf 93' lang='lat' dir='ltr'><strong>quod</strong></span> <span class='ocrx_word' id='word_1_32' title='bbox 608 828 674 871; x_wconf 91' lang='lat' dir='ltr'><strong>non</strong></span> <span class='ocrx_word' id='word_1_33' title='bbox 695 806 808 871; x_wconf 88' lang='lat' dir='ltr'><strong>reddat</strong></span> <span class='ocrx_word' id='word_1_34' title='bbox 831 809 952 873; x_wconf 90' lang='lat' dir='ltr'><strong>amicus</strong></span> 
     </span>
    </p>
   </div>
   <div class='ocr_carea' id='block_1_3' title="bbox 10 909 1043 3899">
    <p class='ocr_par' dir='ltr' id='par_1_3' title="bbox 10 909 1043 3899">
     <span class='ocr_line' id='line_1_7' title="bbox 60 909 1043 1000; baseline 0.004 -24"><span class='ocrx_word' id='word_1_35' title='bbox 60 910 252 996; x_wconf 91' lang='lat' dir='ltr'><strong>depositum.</strong></span> <span class='ocrx_word' id='word_1_36' title='bbox 298 916 408 995; x_wconf 87' lang='lat' dir='ltr'><strong>stupet</strong></span> <span class='ocrx_word' id='word_1_37' title='bbox 429 909 516 988; x_wconf 90' lang='lat' dir='ltr'><strong>haec,</strong></span> <span class='ocrx_word' id='word_1_38' title='bbox 539 910 596 995; x_wconf 94' lang='lat' dir='ltr'><strong>qui</strong></span> <span class='ocrx_word' id='word_1_39' title='bbox 618 910 683 975; x_wconf 86' lang='lat' dir='ltr'><strong>iam</strong></span> <span class='ocrx_word' id='word_1_40' title='bbox 705 918 778 996; x_wconf 88' lang='lat' dir='ltr'><strong>post</strong></span> <span class='ocrx_word' id='word_1_41' title='bbox 799 919 891 998; x_wconf 85' lang='lat' dir='ltr'><strong>terga</strong></span> <span class='ocrx_word' id='word_1_42' title='bbox 912 913 1043 1000; x_wconf 89' lang='lat' dir='ltr'><strong>reliquit</strong></span> 
     </span>
     <span class='ocr_line' id='line_1_8' title="bbox 59 1013 798 1102; baseline 0.001 -22"><span class='ocrx_word' id='word_1_43' title='bbox 59 1017 230 1102; x_wconf 78' lang='lat' dir='ltr'><strong>sexaginta</strong></span> <span class='ocrx_word' id='word_1_44' title='bbox 251 1037 360 1090; x_wconf 89' lang='lat' dir='ltr'><strong>annos,</strong></span> <span class='ocrx_word' id='word_1_45' title='bbox 385 1013 520 1078; x_wconf 84' lang='lat' dir='ltr'><strong>Fonteio</strong></span> <span class='ocrx_word' id='word_1_46' title='bbox 544 1015 672 1079; x_wconf 90' lang='lat' dir='ltr'><strong>consule</strong></span> <span class='ocrx_word' id='word_1_47' title='bbox 694 1023 798 1082; x_wconf 88' lang='lat' dir='ltr'><strong>natus.</strong></span> 
     </span>
     <span class='ocr_line' id='line_1_9' title="bbox 58 1118 867 1204; baseline 0.002 -19"><span class='ocrx_word' id='word_1_48' title='bbox 58 1144 103 1185; x_wconf 92' lang='lat' dir='ltr'><strong>an</strong></span> <span class='ocrx_word' id='word_1_49' title='bbox 124 1121 206 1184; x_wconf 93' lang='lat' dir='ltr'><strong>nihil</strong></span> <span class='ocrx_word' id='word_1_50' title='bbox 228 1120 263 1184; x_wconf 91' lang='lat' dir='ltr'><strong>in</strong></span> <span class='ocrx_word' id='word_1_51' title='bbox 285 1118 401 1183; x_wconf 91' lang='lat' dir='ltr'><strong>melius</strong></span> <span class='ocrx_word' id='word_1_52' title='bbox 422 1124 472 1183; x_wconf 93' lang='lat' dir='ltr'><strong>tot</strong></span> <span class='ocrx_word' id='word_1_53' title='bbox 493 1140 601 1183; x_wconf 90' lang='lat' dir='ltr'><strong>rerum</strong></span> <span class='ocrx_word' id='word_1_54' title='bbox 622 1119 748 1204; x_wconf 88' lang='lat' dir='ltr'><strong>proficit</strong></span> <span class='ocrx_word' id='word_1_55' title='bbox 768 1126 867 1187; x_wconf 74' lang='lat' dir='ltr'><strong>usust</strong></span> 
     </span>
     <span class='ocr_line' id='line_1_10' title="bbox 58 1221 971 1310; baseline 0.002 -21"><span class='ocrx_word' id='word_1_56' title='bbox 58 1247 179 1310; x_wconf 89' lang='lat' dir='ltr'><strong>magna</strong></span> <span class='ocrx_word' id='word_1_57' title='bbox 201 1223 340 1309; x_wconf 89' lang='lat' dir='ltr'><strong>quidem,</strong></span> <span class='ocrx_word' id='word_1_58' title='bbox 364 1222 459 1287; x_wconf 85' lang='lat' dir='ltr'><strong>sacris</strong></span> <span class='ocrx_word' id='word_1_59' title='bbox 482 1243 565 1308; x_wconf 90' lang='lat' dir='ltr'><strong>quae</strong></span> <span class='ocrx_word' id='word_1_60' title='bbox 587 1221 644 1285; x_wconf 89' lang='lat' dir='ltr'><strong>dat</strong></span> <span class='ocrx_word' id='word_1_61' title='bbox 665 1231 836 1308; x_wconf 86' lang='lat' dir='ltr'><strong>praecepta</strong></span> <span class='ocrx_word' id='word_1_62' title='bbox 856 1225 971 1291; x_wconf 89' lang='lat' dir='ltr'><strong>libellis</strong></span> 
     </span>
     <span class='ocr_line' id='line_1_11' title="bbox 10 1323 847 1409; baseline -0.002 -17"><span class='ocrx_word' id='word_1_63' title='bbox 10 1350 46 1400; x_wconf 65' lang='grc' dir='ltr'><strong>ιο</strong></span> <span class='ocrx_word' id='word_1_64' title='bbox 60 1327 177 1392; x_wconf 90' lang='lat' dir='ltr'><strong>victrix</strong></span> <span class='ocrx_word' id='word_1_65' title='bbox 198 1327 345 1391; x_wconf 86' lang='lat' dir='ltr'><strong>fortunae</strong></span> <span class='ocrx_word' id='word_1_66' title='bbox 369 1323 547 1409; x_wconf 88' lang='lat' dir='ltr'><strong>sapientia;</strong></span> <span class='ocrx_word' id='word_1_67' title='bbox 569 1323 715 1388; x_wconf 86' lang='lat' dir='ltr'><strong>ducimus</strong></span> <span class='ocrx_word' id='word_1_68' title='bbox 738 1332 847 1390; x_wconf 91' lang='lat' dir='ltr'><strong>autem</strong></span> 
     </span>
     <span class='ocr_line' id='line_1_12' title="bbox 57 1427 922 1517; baseline -0.001 -22"><span class='ocrx_word' id='word_1_69' title='bbox 57 1432 117 1495; x_wconf 88' lang='lat' dir='ltr'><strong>hos</strong></span> <span class='ocrx_word' id='word_1_70' title='bbox 141 1453 269 1517; x_wconf 80' lang='lat' dir='ltr'><strong>quoque</strong></span> <span class='ocrx_word' id='word_1_71' title='bbox 290 1429 406 1504; x_wconf 83' lang='lat' dir='ltr'><strong>felices,</strong></span> <span class='ocrx_word' id='word_1_72' title='bbox 431 1427 488 1513; x_wconf 94' lang='lat' dir='ltr'><strong>qui</strong></span> <span class='ocrx_word' id='word_1_73' title='bbox 509 1428 591 1491; x_wconf 88' lang='lat' dir='ltr'><strong>ferre</strong></span> <span class='ocrx_word' id='word_1_74' title='bbox 613 1428 816 1494; x_wconf 87' lang='lat' dir='ltr'><strong>incommoda</strong></span> <span class='ocrx_word' id='word_1_75' title='bbox 836 1429 922 1495; x_wconf 89' lang='lat' dir='ltr'><strong>vitae</strong></span> 
     </span>
     <span class='ocr_line' id='line_1_13' title="bbox 55 1531 828 1619; baseline -0.001 -19"><span class='ocrx_word' id='word_1_76' title='bbox 55 1558 117 1600; x_wconf 91' lang='lat' dir='ltr'><strong>nec</strong></span> <span class='ocrx_word' id='word_1_77' title='bbox 139 1536 259 1600; x_wconf 88' lang='lat' dir='ltr'><strong>iactare</strong></span> <span class='ocrx_word' id='word_1_78' title='bbox 282 1534 395 1619; x_wconf 91' lang='lat' dir='ltr'><strong>iugum</strong></span> <span class='ocrx_word' id='word_1_79' title='bbox 417 1532 486 1597; x_wconf 87' lang='lat' dir='ltr'><strong>vita</strong></span> <span class='ocrx_word' id='word_1_80' title='bbox 508 1531 646 1597; x_wconf 80' lang='lat' dir='ltr'><strong>didicere</strong></span> <span class='ocrx_word' id='word_1_81' title='bbox 668 1533 828 1617; x_wconf 83' lang='lat' dir='ltr'><strong>magistra</strong></span> 
     </span>
     <span class='ocr_line' id='line_1_14' title="bbox 57 1635 898 1727; baseline 0.001 -24"><span class='ocrx_word' id='word_1_82' title='bbox 57 1661 141 1725; x_wconf 92' lang='lat' dir='ltr'><strong>quae</strong></span> <span class='ocrx_word' id='word_1_83' title='bbox 163 1648 232 1702; x_wconf 93' lang='lat' dir='ltr'><strong>tam</strong></span> <span class='ocrx_word' id='word_1_84' title='bbox 254 1637 337 1701; x_wconf 84' lang='lat' dir='ltr'><strong>festa</strong></span> <span class='ocrx_word' id='word_1_85' title='bbox 357 1635 434 1715; x_wconf 90' lang='lat' dir='ltr'><strong>dies,</strong></span> <span class='ocrx_word' id='word_1_86' title='bbox 456 1642 495 1699; x_wconf 89' lang='lat' dir='ltr'><strong>ut</strong></span> <span class='ocrx_word' id='word_1_87' title='bbox 518 1643 620 1700; x_wconf 90' lang='lat' dir='ltr'><strong>cesset</strong></span> <span class='ocrx_word' id='word_1_88' title='bbox 641 1637 898 1727; x_wconf 81' lang='lat' dir='ltr'><strong>proderefurem</strong></span> 
     </span>
     <span class='ocr_line' id='line_1_15' title="bbox 55 1738 969 1829; baseline 0.001 -23"><span class='ocrx_word' id='word_1_89' title='bbox 55 1741 226 1829; x_wconf 89' lang='lat' dir='ltr'><strong>perfidiam</strong></span> <span class='ocrx_word' id='word_1_90' title='bbox 248 1740 377 1805; x_wconf 85' lang='lat' dir='ltr'><strong>fraudes</strong></span> <span class='ocrx_word' id='word_1_91' title='bbox 399 1747 498 1824; x_wconf 90' lang='lat' dir='ltr'><strong>atque</strong></span> <span class='ocrx_word' id='word_1_92' title='bbox 520 1738 608 1802; x_wconf 91' lang='lat' dir='ltr'><strong>omni</strong></span> <span class='ocrx_word' id='word_1_93' title='bbox 630 1761 671 1802; x_wconf 88' lang='lat' dir='ltr'><strong>ex</strong></span> <span class='ocrx_word' id='word_1_94' title='bbox 692 1739 824 1805; x_wconf 88' lang='lat' dir='ltr'><strong>crimine</strong></span> <span class='ocrx_word' id='word_1_95' title='bbox 846 1743 969 1806; x_wconf 88' lang='lat' dir='ltr'><strong>lucrum</strong></span> 
     </span>
     <span class='ocr_line' id='line_1_16' title="bbox 10 1842 964 1946; baseline -0.002 -35"><span class='ocrx_word' id='word_1_96' title='bbox 10 1867 43 1946; x_wconf 70' lang='lat'><strong>25</strong></span> <span class='ocrx_word' id='word_1_97' title='bbox 58 1845 243 1933; x_wconf 85' lang='lat' dir='ltr'><strong>quaesitum</strong></span> <span class='ocrx_word' id='word_1_98' title='bbox 264 1851 298 1908; x_wconf 89' lang='lat' dir='ltr'><strong>et</strong></span> <span class='ocrx_word' id='word_1_99' title='bbox 313 1852 429 1929; x_wconf 86' lang='lat' dir='ltr'><strong>partos</strong></span> <span class='ocrx_word' id='word_1_100' title='bbox 451 1842 556 1928; x_wconf 86' lang='lat' dir='ltr'><strong>gladio</strong></span> <span class='ocrx_word' id='word_1_101' title='bbox 579 1842 630 1906; x_wconf 91' lang='lat' dir='ltr'><strong>vel</strong></span> <span class='ocrx_word' id='word_1_102' title='bbox 651 1843 771 1928; x_wconf 90' lang='lat' dir='ltr'><strong>puxide</strong></span> <span class='ocrx_word' id='word_1_103' title='bbox 792 1851 964 1909; x_wconf 71' lang='lat' dir='ltr'><strong>nummos?</strong></span> 
     </span>
     <span class='ocr_line' id='line_1_17' title="bbox 56 1947 965 2035; baseline 0 -20"><span class='ocrx_word' id='word_1_104' title='bbox 56 1951 122 2015; x_wconf 89' lang='lat' dir='ltr'><strong>rari</strong></span> <span class='ocrx_word' id='word_1_105' title='bbox 146 1949 265 2035; x_wconf 89' lang='lat' dir='ltr'><strong>quippe</strong></span> <span class='ocrx_word' id='word_1_106' title='bbox 288 1947 374 2025; x_wconf 92' lang='lat' dir='ltr'><strong>boni,</strong></span> <span class='ocrx_word' id='word_1_107' title='bbox 396 1968 532 2011; x_wconf 89' lang='lat' dir='ltr'><strong>numero</strong></span> <span class='ocrx_word' id='word_1_108' title='bbox 553 1947 608 2010; x_wconf 88' lang='lat' dir='ltr'><strong>vix</strong></span> <span class='ocrx_word' id='word_1_109' title='bbox 630 1956 706 2011; x_wconf 88' lang='lat' dir='ltr'><strong>sunt</strong></span> <span class='ocrx_word' id='word_1_110' title='bbox 728 1948 864 2013; x_wconf 90' lang='lat' dir='ltr'><strong>totidem</strong></span> <span class='ocrx_word' id='word_1_111' title='bbox 886 1960 965 2035; x_wconf 89' lang='lat' dir='ltr'><strong>quot</strong></span> 
     </span>
     <span class='ocr_line' id='line_1_18' title="bbox 56 2048 783 2136; baseline -0.001 -19"><span class='ocrx_word' id='word_1_112' title='bbox 56 2052 243 2117; x_wconf 84' lang='lat' dir='ltr'><strong>Thebarum</strong></span> <span class='ocrx_word' id='word_1_113' title='bbox 264 2058 376 2136; x_wconf 87' lang='lat' dir='ltr'><strong>portae</strong></span> <span class='ocrx_word' id='word_1_114' title='bbox 397 2049 450 2114; x_wconf 89' lang='lat' dir='ltr'><strong>vel</strong></span> <span class='ocrx_word' id='word_1_115' title='bbox 472 2048 581 2113; x_wconf 90' lang='lat' dir='ltr'><strong>divitis</strong></span> <span class='ocrx_word' id='word_1_116' title='bbox 603 2049 685 2114; x_wconf 86' lang='lat' dir='ltr'><strong>ostia</strong></span> <span class='ocrx_word' id='word_1_117' title='bbox 706 2051 783 2116; x_wconf 88' lang='lat' dir='ltr'><strong>Nili.</strong></span> 
     </span>
     <span class='ocr_line' id='line_1_19' title="bbox 57 2152 826 2239; baseline -0.003 -17"><span class='ocrx_word' id='word_1_118' title='bbox 57 2179 148 2222; x_wconf 89' lang='lat' dir='ltr'><strong>nona</strong></span> <span class='ocrx_word' id='word_1_119' title='bbox 167 2163 256 2220; x_wconf 85' lang='lat' dir='ltr'><strong>aetas</strong></span> <span class='ocrx_word' id='word_1_120' title='bbox 278 2154 385 2239; x_wconf 88' lang='lat' dir='ltr'><strong>agitur</strong></span> <span class='ocrx_word' id='word_1_121' title='bbox 407 2152 580 2239; x_wconf 90' lang='lat' dir='ltr'><strong>peioraque</strong></span> <span class='ocrx_word' id='word_1_122' title='bbox 603 2153 729 2218; x_wconf 89' lang='lat' dir='ltr'><strong>saecula</strong></span> <span class='ocrx_word' id='word_1_123' title='bbox 750 2155 826 2220; x_wconf 87' lang='lat' dir='ltr'><strong>ferri</strong></span> 
     </span>
     <span class='ocr_line' id='line_1_20' title="bbox 57 2255 884 2346; baseline -0.005 -20"><span class='ocrx_word' id='word_1_124' title='bbox 57 2259 266 2346; x_wconf 89' lang='lat' dir='ltr'><strong>temporibus,</strong></span> <span class='ocrx_word' id='word_1_125' title='bbox 291 2278 427 2342; x_wconf 92' lang='lat' dir='ltr'><strong>quorum</strong></span> <span class='ocrx_word' id='word_1_126' title='bbox 450 2255 560 2320; x_wconf 90' lang='lat' dir='ltr'><strong>sceleri</strong></span> <span class='ocrx_word' id='word_1_127' title='bbox 582 2278 647 2320; x_wconf 91' lang='lat' dir='ltr'><strong>non</strong></span> <span class='ocrx_word' id='word_1_128' title='bbox 669 2255 793 2320; x_wconf 88' lang='lat' dir='ltr'><strong>invenit</strong></span> <span class='ocrx_word' id='word_1_129' title='bbox 815 2257 884 2343; x_wconf 89' lang='lat' dir='ltr'><strong>ipsa</strong></span> 
     </span>
     <span class='ocr_line' id='line_1_21' title="bbox 10 2353 830 2457; baseline -0.009 -27"><span class='ocrx_word' id='word_1_130' title='bbox 10 2393 44 2457; x_wconf 57' lang='lat' dir='ltr'><strong>go</strong></span> <span class='ocrx_word' id='word_1_131' title='bbox 58 2386 177 2430; x_wconf 90' lang='lat' dir='ltr'><strong>nomen</strong></span> <span class='ocrx_word' id='word_1_132' title='bbox 199 2353 234 2428; x_wconf 83' lang='lat' dir='ltr'><strong>et</strong></span> <span class='ocrx_word' id='word_1_133' title='bbox 255 2384 278 2426; x_wconf 87' lang='lat' dir='ltr'><strong>a</strong></span> <span class='ocrx_word' id='word_1_134' title='bbox 298 2360 387 2424; x_wconf 94' lang='lat' dir='ltr'><strong>nullo</strong></span> <span class='ocrx_word' id='word_1_135' title='bbox 409 2358 518 2444; x_wconf 89' lang='lat' dir='ltr'><strong>posuit</strong></span> <span class='ocrx_word' id='word_1_136' title='bbox 539 2366 656 2422; x_wconf 90' lang='lat' dir='ltr'><strong>natura</strong></span> <span class='ocrx_word' id='word_1_137' title='bbox 676 2359 830 2441; x_wconf 90' lang='lat' dir='ltr'><strong>metallo;</strong></span> 
     </span>
     <span class='ocr_line' id='line_1_22' title="bbox 59 2461 934 2548; baseline -0.005 -16"><span class='ocrx_word' id='word_1_138' title='bbox 59 2490 118 2532; x_wconf 91' lang='lat' dir='ltr'><strong>nos</strong></span> <span class='ocrx_word' id='word_1_139' title='bbox 139 2467 308 2531; x_wconf 93' lang='lat' dir='ltr'><strong>hominum</strong></span> <span class='ocrx_word' id='word_1_140' title='bbox 331 2463 504 2548; x_wconf 87' lang='lat' dir='ltr'><strong>divumque</strong></span> <span class='ocrx_word' id='word_1_141' title='bbox 527 2461 625 2525; x_wconf 90' lang='lat' dir='ltr'><strong>fidem</strong></span> <span class='ocrx_word' id='word_1_142' title='bbox 647 2461 784 2526; x_wconf 89' lang='lat' dir='ltr'><strong>clamore</strong></span> <span class='ocrx_word' id='word_1_143' title='bbox 806 2462 934 2541; x_wconf 91' lang='lat' dir='ltr'><strong>oiemus,</strong></span> 
     </span>
     <span class='ocr_line' id='line_1_23' title="bbox 58 2565 829 2656; baseline -0.01 -20"><span class='ocrx_word' id='word_1_144' title='bbox 58 2580 181 2656; x_wconf 90' lang='lat' dir='ltr'><strong>quanto</strong></span> <span class='ocrx_word' id='word_1_145' title='bbox 203 2567 387 2633; x_wconf 87' lang='lat' dir='ltr'><strong>Faesidium</strong></span> <span class='ocrx_word' id='word_1_146' title='bbox 408 2565 520 2630; x_wconf 90' lang='lat' dir='ltr'><strong>laudat</strong></span> <span class='ocrx_word' id='word_1_147' title='bbox 541 2565 657 2629; x_wconf 89' lang='lat' dir='ltr'><strong>vocalis</strong></span> <span class='ocrx_word' id='word_1_148' title='bbox 679 2572 829 2651; x_wconf 90' lang='lat' dir='ltr'><strong>agentem</strong></span> 
     </span>
     <span class='ocr_line' id='line_1_24' title="bbox 57 2669 899 2760; baseline -0.008 -21"><span class='ocrx_word' id='word_1_149' title='bbox 57 2673 208 2760; x_wconf 84' lang='lat' dir='ltr'><strong>sportula.</strong></span> <span class='ocrx_word' id='word_1_150' title='bbox 253 2671 312 2750; x_wconf 93' lang='lat' dir='ltr'><strong>dic,</strong></span> <span class='ocrx_word' id='word_1_151' title='bbox 335 2670 441 2735; x_wconf 87' lang='lat' dir='ltr'><strong>senior</strong></span> <span class='ocrx_word' id='word_1_152' title='bbox 462 2669 552 2734; x_wconf 91' lang='lat' dir='ltr'><strong>bulla</strong></span> <span class='ocrx_word' id='word_1_153' title='bbox 573 2669 767 2754; x_wconf 86' lang='lat' dir='ltr'><strong>dignissime,</strong></span> <span class='ocrx_word' id='word_1_154' title='bbox 790 2669 899 2745; x_wconf 84' lang='lat' dir='ltr'><strong>nescis,</strong></span> 
     </span>
     <span class='ocr_line' id='line_1_25' title="bbox 57 2772 870 2863; baseline -0.005 -23"><span class='ocrx_word' id='word_1_155' title='bbox 57 2799 138 2863; x_wconf 88' lang='lat' dir='ltr'><strong>quas</strong></span> <span class='ocrx_word' id='word_1_156' title='bbox 159 2775 279 2839; x_wconf 85' lang='lat' dir='ltr'><strong>habeat</strong></span> <span class='ocrx_word' id='word_1_157' title='bbox 300 2795 432 2837; x_wconf 87' lang='lat' dir='ltr'><strong>veneres</strong></span> <span class='ocrx_word' id='word_1_158' title='bbox 454 2772 559 2836; x_wconf 89' lang='lat' dir='ltr'><strong>aliena</strong></span> <span class='ocrx_word' id='word_1_159' title='bbox 580 2772 739 2857; x_wconf 87' lang='lat' dir='ltr'><strong>pecunial</strong></span> <span class='ocrx_word' id='word_1_160' title='bbox 759 2772 870 2848; x_wconf 78' lang='lat' dir='ltr'><strong>nescia,</strong></span> 
     </span>
     <span class='ocr_line' id='line_1_26' title="bbox 10 2874 941 2969; baseline -0.01 -23"><span class='ocrx_word' id='word_1_161' title='bbox 10 2909 15 2964; x_wconf 77' lang='lat'><strong>;</strong></span> <span class='ocrx_word' id='word_1_162' title='bbox 21 2900 42 2969; x_wconf 90' lang='lat'>5</span> <span class='ocrx_word' id='word_1_163' title='bbox 57 2902 155 2967; x_wconf 90' lang='lat' dir='ltr'><strong>quem</strong></span> <span class='ocrx_word' id='word_1_164' title='bbox 177 2886 237 2943; x_wconf 90' lang='lat' dir='ltr'><strong>tua</strong></span> <span class='ocrx_word' id='word_1_165' title='bbox 258 2875 446 2960; x_wconf 85' lang='lat' dir='ltr'><strong>simplicitas</strong></span> <span class='ocrx_word' id='word_1_166' title='bbox 468 2874 569 2938; x_wconf 90' lang='lat' dir='ltr'><strong>risum</strong></span> <span class='ocrx_word' id='word_1_167' title='bbox 590 2874 686 2958; x_wconf 89' lang='lat' dir='ltr'><strong>vulgo</strong></span> <span class='ocrx_word' id='word_1_168' title='bbox 708 2881 845 2949; x_wconf 87' lang='lat' dir='ltr'><strong>moveat,</strong></span> <span class='ocrx_word' id='word_1_169' title='bbox 868 2896 941 2937; x_wconf 90' lang='lat' dir='ltr'><strong>cum</strong></span> 
     </span>
     <span class='ocr_line' id='line_1_27' title="bbox 56 2976 861 3068; baseline -0.011 -20"><span class='ocrx_word' id='word_1_170' title='bbox 56 2983 158 3068; x_wconf 86' lang='lat' dir='ltr'><strong>exigis</strong></span> <span class='ocrx_word' id='word_1_171' title='bbox 180 3004 200 3045; x_wconf 90' lang='lat' dir='ltr'><strong>a</strong></span> <span class='ocrx_word' id='word_1_172' title='bbox 222 3000 384 3067; x_wconf 89' lang='lat' dir='ltr'><strong>quoquam</strong></span> <span class='ocrx_word' id='word_1_173' title='bbox 405 2999 448 3042; x_wconf 91' lang='lat' dir='ltr'><strong>ne</strong></span> <span class='ocrx_word' id='word_1_174' title='bbox 470 2977 593 3062; x_wconf 89' lang='lat' dir='ltr'><strong>peieret</strong></span> <span class='ocrx_word' id='word_1_175' title='bbox 615 2985 649 3040; x_wconf 89' lang='lat' dir='ltr'><strong>et</strong></span> <span class='ocrx_word' id='word_1_176' title='bbox 670 2983 766 3061; x_wconf 90' lang='lat' dir='ltr'><strong>putet</strong></span> <span class='ocrx_word' id='word_1_177' title='bbox 787 2976 861 3040; x_wconf 91' lang='lat' dir='ltr'><strong>ullis</strong></span> 
     </span>
     <span class='ocr_line' id='line_1_28' title="bbox 56 3080 908 3170; baseline -0.008 -18"><span class='ocrx_word' id='word_1_178' title='bbox 56 3109 125 3152; x_wconf 86' lang='lat' dir='ltr'><strong>esse</strong></span> <span class='ocrx_word' id='word_1_179' title='bbox 148 3083 278 3170; x_wconf 87' lang='lat' dir='ltr'><strong>aliquod</strong></span> <span class='ocrx_word' id='word_1_180' title='bbox 300 3104 423 3146; x_wconf 92' lang='lat' dir='ltr'><strong>numen</strong></span> <span class='ocrx_word' id='word_1_181' title='bbox 445 3081 574 3165; x_wconf 88' lang='lat' dir='ltr'><strong>templis</strong></span> <span class='ocrx_word' id='word_1_182' title='bbox 597 3101 734 3164; x_wconf 88' lang='lat' dir='ltr'><strong>araeque</strong></span> <span class='ocrx_word' id='word_1_183' title='bbox 756 3080 908 3145; x_wconf 72' lang='lat' dir='ltr'><strong>rubenti?</strong></span> 
     </span>
     <span class='ocr_line' id='line_1_29' title="bbox 56 3184 996 3276; baseline -0.004 -22"><span class='ocrx_word' id='word_1_184' title='bbox 56 3189 221 3276; x_wconf 89' lang='lat' dir='ltr'><strong>quondam</strong></span> <span class='ocrx_word' id='word_1_185' title='bbox 241 3187 302 3250; x_wconf 93' lang='lat' dir='ltr'><strong>hoc</strong></span> <span class='ocrx_word' id='word_1_186' title='bbox 324 3185 495 3268; x_wconf 86' lang='lat' dir='ltr'><strong>indigenae</strong></span> <span class='ocrx_word' id='word_1_187' title='bbox 516 3185 668 3248; x_wconf 82' lang='lat' dir='ltr'><strong>vivebant</strong></span> <span class='ocrx_word' id='word_1_188' title='bbox 690 3206 786 3261; x_wconf 91' lang='lat' dir='ltr'><strong>more,</strong></span> <span class='ocrx_word' id='word_1_189' title='bbox 808 3184 996 3270; x_wconf 85' lang='lat' dir='ltr'><strong>priusquam</strong></span> 
     </span>
     <span class='ocr_line' id='line_1_30' title="bbox 55 3287 846 3375; baseline -0.01 -16"><span class='ocrx_word' id='word_1_190' title='bbox 55 3300 200 3359; x_wconf 85' lang='lat' dir='ltr'><strong>sumeret</strong></span> <span class='ocrx_word' id='word_1_191' title='bbox 221 3296 380 3375; x_wconf 90' lang='lat' dir='ltr'><strong>agrestem</strong></span> <span class='ocrx_word' id='word_1_192' title='bbox 402 3287 505 3373; x_wconf 88' lang='lat' dir='ltr'><strong>posito</strong></span> <span class='ocrx_word' id='word_1_193' title='bbox 528 3287 710 3352; x_wconf 90' lang='lat' dir='ltr'><strong>diademate</strong></span> <span class='ocrx_word' id='word_1_194' title='bbox 732 3287 846 3352; x_wconf 86' lang='lat' dir='ltr'><strong>falcem</strong></span> 
     </span>
     <span class='ocr_line' id='line_1_31' title="bbox 10 3390 892 3478; baseline -0.007 -16"><span class='ocrx_word' id='word_1_195' title='bbox 10 3413 43 3477; x_wconf 76' lang='grc'><strong>’.0</strong></span> <span class='ocrx_word' id='word_1_196' title='bbox 54 3398 216 3464; x_wconf 84' lang='lat' dir='ltr'><strong>Satumus</strong></span> <span class='ocrx_word' id='word_1_197' title='bbox 236 3393 371 3478; x_wconf 90' lang='lat' dir='ltr'><strong>fugiens,</strong></span> <span class='ocrx_word' id='word_1_198' title='bbox 395 3399 482 3465; x_wconf 92' lang='lat' dir='ltr'><strong>tunc,</strong></span> <span class='ocrx_word' id='word_1_199' title='bbox 505 3412 579 3454; x_wconf 91' lang='lat' dir='ltr'><strong>cum</strong></span> <span class='ocrx_word' id='word_1_200' title='bbox 600 3390 789 3475; x_wconf 87' lang='lat' dir='ltr'><strong>virguncula</strong></span> <span class='ocrx_word' id='word_1_201' title='bbox 809 3390 892 3456; x_wconf 92' lang='lat' dir='ltr'><strong>Iuno</strong></span> 
     </span>
     <span class='ocr_line' id='line_1_32' title="bbox 54 3493 817 3587; baseline -0.014 -20"><span class='ocrx_word' id='word_1_202' title='bbox 54 3509 90 3567; x_wconf 91' lang='lat' dir='ltr'><strong>et</strong></span> <span class='ocrx_word' id='word_1_203' title='bbox 110 3500 257 3587; x_wconf 88' lang='lat' dir='ltr'><strong>privatus</strong></span> <span class='ocrx_word' id='word_1_204' title='bbox 280 3496 386 3560; x_wconf 89' lang='lat' dir='ltr'><strong>adhuc</strong></span> <span class='ocrx_word' id='word_1_205' title='bbox 408 3494 514 3558; x_wconf 90' lang='lat' dir='ltr'><strong>Idaeis</strong></span> <span class='ocrx_word' id='word_1_206' title='bbox 538 3494 686 3578; x_wconf 90' lang='lat' dir='ltr'><strong>Iuppiter</strong></span> <span class='ocrx_word' id='word_1_207' title='bbox 708 3493 817 3575; x_wconf 88' lang='lat' dir='ltr'><strong>antris,</strong></span> 
     </span>
     <span class='ocr_line' id='line_1_33' title="bbox 53 3595 807 3687; baseline -0.007 -17"><span class='ocrx_word' id='word_1_208' title='bbox 53 3605 146 3670; x_wconf 89' lang='lat' dir='ltr'><strong>nulla</strong></span> <span class='ocrx_word' id='word_1_209' title='bbox 167 3624 262 3687; x_wconf 90' lang='lat' dir='ltr'><strong>super</strong></span> <span class='ocrx_word' id='word_1_210' title='bbox 283 3599 386 3664; x_wconf 85' lang='lat' dir='ltr'><strong>nubes</strong></span> <span class='ocrx_word' id='word_1_211' title='bbox 409 3595 554 3663; x_wconf 88' lang='lat' dir='ltr'><strong>convivia</strong></span> <span class='ocrx_word' id='word_1_212' title='bbox 575 3596 807 3674; x_wconf 72' lang='lat' dir='ltr'><strong>caelicolarum,</strong></span> 
     </span>
     <span class='ocr_line' id='line_1_34' title="bbox 53 3699 884 3793; baseline -0.012 -19"><span class='ocrx_word' id='word_1_213' title='bbox 53 3731 114 3776; x_wconf 85' lang='lat' dir='ltr'><strong>nec</strong></span> <span class='ocrx_word' id='word_1_214' title='bbox 137 3728 218 3793; x_wconf 91' lang='lat' dir='ltr'><strong>puer</strong></span> <span class='ocrx_word' id='word_1_215' title='bbox 241 3704 373 3791; x_wconf 87' lang='lat' dir='ltr'><strong>Iliacus,</strong></span> <span class='ocrx_word' id='word_1_216' title='bbox 390 3702 527 3766; x_wconf 89' lang='lat' dir='ltr'><strong>formosa</strong></span> <span class='ocrx_word' id='word_1_217' title='bbox 548 3720 608 3766; x_wconf 86' lang='lat' dir='ltr'><strong>nec</strong></span> <span class='ocrx_word' id='word_1_218' title='bbox 631 3699 780 3765; x_wconf 90' lang='lat' dir='ltr'><strong>Herculis</strong></span> <span class='ocrx_word' id='word_1_219' title='bbox 803 3721 884 3765; x_wconf 92' lang='lat' dir='ltr'><strong>uxor</strong></span> 
     </span>
     <span class='ocr_line' id='line_1_35' title="bbox 53 3791 837 3899; baseline -0.014 -20"><span class='ocrx_word' id='word_1_220' title='bbox 53 3813 97 3880; x_wconf 85' lang='lat' dir='ltr'><strong>ad</strong></span> <span class='ocrx_word' id='word_1_221' title='bbox 120 3811 252 3899; x_wconf 85' lang='lat' dir='ltr'><strong>cyathos</strong></span> <span class='ocrx_word' id='word_1_222' title='bbox 272 3816 305 3874; x_wconf 93' lang='lat' dir='ltr'><strong>et</strong></span> <span class='ocrx_word' id='word_1_223' title='bbox 328 3807 395 3871; x_wconf 88' lang='lat' dir='ltr'><strong>iam</strong></span> <span class='ocrx_word' id='word_1_224' title='bbox 417 3805 533 3870; x_wconf 91' lang='lat' dir='ltr'><strong>siccato</strong></span> <span class='ocrx_word' id='word_1_225' title='bbox 558 3812 687 3870; x_wconf 88' lang='lat' dir='ltr'><strong>nectare</strong></span> <span class='ocrx_word' id='word_1_226' title='bbox 709 3791 837 3889; x_wconf 84' lang='lat' dir='ltr'><strong>tergens</strong></span> 
     </span>
    </p>
   </div>
   <div class='ocr_carea' id='block_1_4' title="bbox 0 0 1280 4266">
    <p class='ocr_par' dir='ltr' id='par_1_4' title="bbox 0 0 1280 4266">
     <span class='ocr_line' id='line_1_36' title="bbox 0 0 1280 4266; baseline 0 0"><span class='ocrx_word' id='word_1_227' title='bbox 0 0 1280 4266; x_wconf 95' lang='lat' dir='ltr'><strong> </strong></span> 
     </span>
    </p>
   </div>
  </div>
 </body>
</html>
