2550 4266
133 193 176 242 22
622 167 664 244 V

131 377 150 418 a
172 353 289 438 digitis,
314 373 393 439 quas
415 351 449 417 in
471 315 606 441 uaginae
628 357 732 423 fronte
755 358 876 429 solebat

130 480 248 543 ponere
271 457 416 542 zelotypo
440 457 565 522 iuvenis
586 461 749 544 praelatus
771 463 904 528 Iarbae:

130 571 168 625 tu
191 561 412 626 Beneventani
434 562 552 626 sutoris
571 585 689 628 nomen
710 565 883 633 habentem

131 665 262 729 siccabis
286 664 416 727 calicem
438 687 588 729 nasorum
611 675 764 751 quattuor
786 692 822 733 ac
844 671 908 734 ianr

34 842 36 857 Ι
65 827 81 843 ,.
130 777 317 854 quassatum
340 777 373 834 et
395 779 490 854 rupto
512 778 698 854 poscentem
720 773 850 858 sulpura
871 775 961 839 vitro.

34 860 64 893 ι’·
131 873 157 935 si
180 874 362 937 stomachus
384 873 505 936 domini
528 873 629 938 fervet
651 875 789 960 vinoque
812 877 954 961 ciboque,

131 975 276 1060 frigidior
297 960 562 1061 Geticis'petitur
583 977 713 1043 decocta
733 979 870 1064 pruinis:

132 1080 208 1168 [non
232 1078 343 1144 eadem
366 1079 456 1143 vobis
475 1080 554 1165 poni
577 1080 671 1144 modo
694 1082 769 1145 vina
791 1082 946 1166 querebar
954 1081 980 1168 t]

131 1204 186 1246 vos
209 1182 305 1245 aliam
327 1182 447 1266 potatis
470 1204 595 1266 aquam.
640 1184 701 1248 tibi
722 1185 837 1269 pocula
858 1207 964 1248 cursor

132 1286 287 1350 Gaetulus
310 1285 400 1351 dabit
422 1295 479 1350 aut
502 1286 586 1371 nigri
608 1309 723 1351 manus
746 1309 835 1352 ossea
856 1286 961 1350 Mauri

132 1399 164 1453 et
187 1391 238 1454 cui
259 1413 317 1476 per
338 1391 478 1454 mediam
500 1391 582 1454 nolis
604 1414 765 1455 occurrere
787 1399 922 1466 noctem,

132 1493 266 1557 clivosae
288 1494 413 1560 veheris
436 1494 515 1558 dum
537 1517 596 1581 per
617 1501 828 1559 monumenta
849 1495 1003 1560 Latinae:
1180 1559 1182 1563 ,
1205 1515 1246 1583 55

131 1597 188 1664 flos
209 1597 306 1661 Asiae
328 1607 403 1661 ante
425 1598 531 1683 ipsum
554 1598 657 1683 pretio
679 1598 798 1662 maiore
815 1605 954 1683 paratus,

131 1723 228 1785 quam
250 1701 313 1764 fuit
335 1709 369 1765 et
390 1700 477 1763 Tulli
500 1723 612 1765 census
633 1702 787 1787 pugnacis
810 1711 843 1766 et
864 1702 947 1768 Anci

132 1811 173 1878 et,
197 1826 237 1866 ne
260 1812 292 1867 te
315 1812 452 1877 teneam,
476 1803 695 1867 Romanorum
718 1805 826 1868 omnia
846 1828 958 1889 regum

130 1905 250 1975 frivola
296 1904 381 1990 quod
404 1928 476 1970 curn
499 1904 547 1968 ita
569 1906 619 1981 sit,
643 1914 679 1970 tu
704 1906 877 1970 Gaetulum
901 1908 1122 1994 Ganymedem

130 2010 259 2093 respice,
283 2032 356 2073 cum
379 2009 475 2074 sities
520 2011 622 2077 nescit
644 2019 694 2074 tot
716 2010 846 2073 milibus
869 2023 996 2096 emptus
1200 2023 1245 2083 60

130 2113 323 2197 pauperibus
346 2112 478 2176 miscere
501 2134 599 2197 puer:
621 2113 676 2176 sed
692 2113 801 2189 forma,
825 2114 881 2177 sed
904 2123 992 2178 aetas

131 2214 228 2297 digna
250 2214 425 2300 supercilio.
450 2215 578 2298 quando
602 2215 642 2278 ad
664 2221 697 2278 te
720 2215 866 2299 pervenit
888 2215 964 2280 illel

131 2318 258 2402 quando
280 2327 416 2402 rogatus.
432 2318 523 2383 adest
545 2318 666 2382 calidae
689 2317 876 2403 gelidaeque
899 2319 1069 2384 minister?

130 2420 249 2505 quippe
273 2420 459 2505 indignatur
481 2420 584 2485 veteri
605 2443 717 2506 parere
740 2421 858 2496 clienti,
1234 2507 1236 2512 Ι

131 2524 279 2610 quodque
302 2524 423 2609 aliquid
445 2547 564 2611 poscas,
589 2534 622 2589 et
645 2525 731 2608 quod
752 2547 786 2589 se
808 2533 914 2590 stante
936 2526 1110 2592 recumbas.
1165 2516 1169 2522 ’
1198 2540 1240 2622 65

130 2627 286 2711 [maxima
309 2649 455 2712 quaeque
477 2628 592 2691 domus
615 2629 713 2692 servis
736 2638 785 2693 est
807 2630 904 2714 plena
926 2629 1094 2715 superbis]

131 2753 201 2794 ecce
225 2730 306 2794 alius
329 2742 449 2814 quanto
472 2732 614 2817 porrexit
637 2756 801 2797 murmure
823 2756 940 2818 panem

129 2833 183 2896 vix
205 2833 351 2910 fractum,
375 2834 493 2898 solidae
516 2835 581 2898 iam
603 2834 732 2898 mucida
754 2834 856 2898 frusta
877 2836 998 2900 farinae

130 2957 212 3019 quae
234 2936 412 3020 genuinum
434 2936 566 3021 agitent,
590 2959 655 3000 non
677 2937 884 3003 admittentia
904 2958 1066 3001 morsum:

129 3040 184 3103 sed
206 3047 298 3104 tener
320 3049 354 3104 et
375 3041 488 3105 niveus
509 3041 662 3126 mollique
685 3039 810 3125 siligine
832 3041 935 3105 factus
1194 3024 1240 3140 '70

129 3151 273 3206 servatur
295 3142 446 3209 domino*
476 3143 622 3209 dextram
644 3143 790 3208 cohibere
813 3153 983 3220 memento,

129 3246 216 3310 salva
238 3247 279 3311 sit
302 3255 447 3333 artoptae
469 3248 656 3313 reverentia
701 3248 786 3333 finge
808 3255 917 3312 tamen
939 3256 973 3312 te

128 3350 342 3434 inprobulum,
365 3359 509 3436 superest
531 3352 597 3417 illic
619 3353 675 3438 qui
697 3375 815 3440 ponere
838 3359 950 3438 cogat:

130 3451 194 3515 ‘vis
216 3459 253 3515 tu
277 3453 435 3522 consuetis
457 3452 563 3517 audax
586 3455 719 3519 conviva
741 3454 886 3519 canistris

127 3557 253 3643 impleri
275 3561 430 3645 panisque
452 3562 502 3626 tui
523 3563 648 3627 novisse
670 3562 806 3627 colorem
816 3562 836 3627 2’
1199 3587 1238 3655 75

129 3661 276 3726 “scilicet
297 3662 357 3728 hoc
379 3664 491 3743 fuerat,
515 3674 646 3751 propter
667 3666 753 3751 quod
775 3689 870 3751 saepe
892 3664 1003 3730 relicta

127 3765 259 3850 coniuge
282 3789 339 3852 per
360 3779 504 3835 montem
526 3770 695 3836 adversum
717 3769 902 3856 gelidasque
925 3768 1057 3836 cucurri.
