2602 4282
597 109 640 190 X

45 313 177 376 quem
209 286 360 374 sequitur
381 293 487 352 custos
509 296 665 372 angustae
686 288 821 356 vernula
842 314 962 380 capsae.

46 395 218 480 eloquio
242 393 300 458 sed
322 401 459 477 uterque
480 392 566 478 perit
589 401 701 469 orator,
725 403 901 481 utrumque

45 500 191 582 largus
220 505 255 560 et
279 496 444 560 exundans
466 497 531 560 leto
553 495 644 560 dedit
665 497 786 582 ingenii
808 500 885 564 fons.

9 601 220 687 oingenio
245 622 361 664 manus
384 608 433 664 est
455 608 489 664 et
511 599 618 663 cervix
640 621 739 677 caesa,
758 624 818 665 nec
837 625 992 688 umquam

49 704 248 789 sanguine
273 703 422 780 causidici
444 703 640 766 maduerunt
662 711 764 767 rostra
784 705 900 789 pusilli.

50 816 98 872 ‘o
128 808 356 870 fortunatam.
371 815 483 870 natam
504 827 557 869 me
580 806 709 870 consule
731 807 869 872 Romam
881 809 902 874 l'

51 911 213 976 Antoni
235 909 358 994 gladios
379 910 487 994 potuit
509 917 721 986 contemnere,
745 912 772 975 si
794 913 839 976 sic
931 977 939 983 ,

54 1015 196 1081 omnia
218 1012 360 1076 dixisset.
403 1011 539 1076 ridenda
559 1023 710 1098 poemata
731 1016 824 1094 malo,

11 1139 35 1206 5
54 1139 182 1204 quam
211 1123 247 1178 te
271 1113 465 1199 conspicuae,
489 1114 600 1179 divina
622 1115 810 1204 Philippica
832 1121 945 1197 famae,

54 1220 227 1286 volveris
250 1242 271 1283 a
291 1219 396 1305 prima
417 1242 499 1306 quae
521 1222 675 1306 proxima
720 1247 832 1289 saevus
855 1234 888 1290 et
909 1228 1002 1293 illum

56 1327 192 1392 exitus
219 1322 348 1407 eripuit,
372 1346 468 1408 quem
490 1325 692 1391 mirabantur
712 1328 862 1394 Athenae

55 1435 270 1495 torrentem
292 1434 325 1490 et
346 1427 434 1511 pleni
455 1428 677 1492 moderantem
698 1431 790 1495 frena
810 1432 937 1500 theatri

59 1535 123 1600 dis
149 1532 218 1597 ille
241 1532 379 1596 adversis
401 1533 530 1617 genitus
553 1535 685 1619 fatoque
708 1537 844 1614 sinistro,

10 1656 42 1706 ,ο
60 1661 185 1725 quem
211 1642 306 1721 pater
326 1635 468 1700 ardentis
491 1658 616 1700 massae
638 1637 772 1723 fuligine
795 1641 902 1726 lippus

58 1767 86 1808 a
115 1740 271 1806 carbone
293 1746 326 1802 et
347 1738 520 1823 forcipibus
542 1741 728 1826 gladiosque
749 1753 883 1828 parante

58 1843 207 1911 incude
231 1849 265 1905 et
286 1842 375 1909 luteo
397 1842 544 1907 Vulcano
567 1844 608 1907 ad
629 1844 758 1909 rhetora
778 1847 875 1913 misit.

115 1945 298 2011 Bellorum
321 1945 463 2024 exuviae,
485 1947 608 2010 truncis
631 1947 737 2011 adfixa
759 1950 898 2034 tropaeis

56 2053 183 2119 lorica
209 2057 244 2113 et
265 2049 366 2114 fracta
389 2051 429 2114 de
447 2051 573 2114 casside
595 2051 731 2114 buccula
751 2052 897 2137 pendens

15 2182 39 2251 5
58 2167 104 2224 et
131 2161 274 2221 curtum
296 2160 425 2219 temone
447 2155 560 2239 iugum
582 2156 751 2240 victaeque
773 2157 914 2222 triremis

58 2261 232 2346 aplustre
255 2265 288 2320 et
310 2278 435 2322 summo
457 2258 558 2322 tristis
581 2260 722 2344 captivos
744 2259 779 2323 in
800 2283 875 2324 arcu

58 2358 240 2430 humanis
261 2360 382 2424 maiora
403 2361 494 2425 bonis
517 2361 698 2436 creduntur.
743 2362 784 2426 ad
806 2363 866 2427 hoc
888 2386 923 2429 se

59 2470 256 2534 Romanus
278 2462 457 2548 Graiusque
479 2472 513 2527 et
534 2464 688 2528 barbarus
710 2464 918 2549 induperator

61 2568 210 2636 erexit:
236 2588 345 2630 causas
367 2566 558 2630 discriminis
581 2575 678 2652 atque
700 2567 816 2631 laboris

10 2703 44 2752 .0
62 2673 157 2739 inde
185 2668 309 2734 habuit.
353 2678 445 2734 tanto
467 2671 570 2734 maior
591 2671 696 2735 famae
718 2670 788 2735 sitis
810 2678 867 2750 est,
891 2694 989 2758 quam

62 2773 239 2852 virtutis3
264 2772 334 2857 quis
357 2771 444 2836 enim
465 2773 621 2836 virtutem
642 2772 848 2857 amplectitur
869 2773 981 2858 ipsam,

63 2875 236 2967 praemia
256 2875 283 2939 si
304 2875 419 2940 tollas?
440 2876 579 2961 patriam
602 2885 715 2940 tamen
738 2876 845 2940 obruit
868 2877 945 2940 olim

63 2980 191 3068 gloria
212 3000 387 3063 paucorum
410 2988 443 3044 et
465 2980 568 3044 laudis
590 2980 743 3064 titulique
766 2979 881 3065 cupido

63 3081 218 3151 haesuri
239 3082 323 3147 saxis
344 3083 490 3147 cinerum
512 3084 705 3161 custodibus,
728 3083 769 3147 ad
791 3104 873 3170 quae

11 3217 47 3287 ‚5
66 3191 291 3261 discutienda
311 3192 421 3257 valent
443 3193 559 3257 sterilis
581 3194 667 3256 mala
687 3195 800 3258 robora
821 3193 881 3270 fici,

68 3293 352 3385 quandoquidem
375 3295 452 3359 data
473 3304 549 3360 sunt
571 3297 648 3380 ipsis
671 3319 797 3382 quoque
820 3297 887 3362 fata
909 3299 1090 3383 sepulchris.

70 3395 242 3485 expende.
258 3394 488 3477 Hannibalem,
512 3407 591 3484 quot
612 3399 709 3463 libras
730 3399 765 3463 in
786 3399 867 3464 duce
890 3424 1015 3466 summo

68 3493 329 3573 inveniesi'hic
351 3510 409 3578 est,
434 3525 530 3588 quem
552 3526 618 3567 non
640 3505 726 3589 capit
747 3505 854 3568 Africa
876 3505 989 3570 Mauro

68 3625 239 3697 percussa
260 3603 387 3669 Oceano
410 3605 551 3690 Niloque
574 3606 704 3672 admota
725 3607 859 3693 tepenti,

11 3739 55 3810 50
69 3731 194 3779 mrsus
218 3706 260 3773 ad
282 3707 479 3796 Aethiopum
503 3709 638 3797 populos
660 3712 804 3798 altosque
828 3713 1021 3801 elephantos.
