2550 4266
112 160 158 234 86
582 159 688 238 XVI

108 346 253 412 vindicta
276 357 310 413 et
332 347 459 434 gravior
484 371 583 434 quam
607 349 732 414 iniuria.
776 349 921 436 dignum¹
935 348 1000 416 erit
1025 358 1103 436 erg'o

109 452 331 518 declamatoris
354 453 478 518 mulino
504 454 597 518 corde
621 453 756 539 Vagelli,

108 580 182 622 cum
209 559 272 624 duo
299 559 540 636 crura'habeas‚
560 557 721 622 offendere
744 563 794 621 tot
817 557 943 642 caligas,
968 562 1022 622 tot

108 663 200 728 milia
222 665 391 730 clavorum.
437 663 509 747 quis
529 670 598 726 tam
620 660 731 746 procul
752 660 836 724 absit
857 661 899 724 ab
920 661 1003 725 urbe

107 776 283 852 praeterea,
310 762 382 853 quis
405 764 474 831 tam
498 765 644 851 Pylades,
670 764 789 830 molem
815 762 940 847 aggeris
965 764 1060 829 ultra

107 883 146 946 ut
168 875 301 943 veniat?
330 874 479 939 lacrimae
503 871 666 938 siccentur¹
686 870 842 957 protinus,
867 877 901 935 et
926 891 968 936 se.
997 933 1000 937 .

109 989 314 1046 excusaturos
337 1003 403 1045 non
427 981 635 1045 sollicitemus
659 979 784 1043 amicos.

110 1086 169 1150 ‘da
190 1089 327 1166 testem‚'
352 1089 449 1153 iudex
476 1110 550 1153 cum
574 1087 701 1164 dixerit,
726 1086 844 1151 audeat
867 1084 922 1150 ille

27 1274 29 1277 ι
75 1236 90 1268 -Ᾰ
107 1191 214 1257 nescio
236 1193 317 1278 quis,
340 1215 465 1279 pugnos
487 1192 543 1276 qui
568 1191 659 1267 vidit,
685 1190 790 1255 dicere
815 1187 916 1267 ‘vidi'

108 1303 142 1359 et
166 1296 292 1360 credam
318 1297 453 1380 dignum
478 1295 579 1360 barba
601 1294 802 1378 dignumque
827 1291 951 1376 capillis

107 1400 275 1465 maiorum.
319 1399 415 1464 citius
438 1398 556 1462 falsum
581 1397 756 1484 producere
782 1403 900 1459 testem

108 1512 218 1568 contra
241 1524 404 1588 paganum
426 1502 535 1587 possis
561 1523 660 1586 quam
685 1521 762 1563 vera
785 1499 975 1582 loquentem

107 1615 219 1671 contra
241 1607 404 1670 fortunam
430 1605 547 1690 armati
569 1613 744 1705 contraque
769 1603 932 1705 pudorem.

150 1710 298 1774 P1aemia
320 1731 407 1772 nunc
432 1709 496 1773 alia
519 1718 617 1794 atque
644 1709 708 1772 alia
729 1696 950 1772 emolumenta
974 1701 1135 1776 notemus

107 1824 386 1880 sacramentorum.
431 1816 609 1880 convallem
632 1815 715 1879 ruris
739 1815 818 1879 aviti

106 1922 271 2007 improbus
294 1929 351 1985 aut
373 1944 524 2007 campum
546 1919 675 1986 mihi
651 1943 678 1986 si
699 1921 825 1985 vicinus
845 1918 978 2001 ademit,

107 2032 140 2087 et
167 2047 292 2087 sacrum
316 2024 438 2112 effodit
453 2025 559 2089 medio
584 2024 624 2088 de
649 2024 754 2088 limite
778 2045 907 2103 saxum,

106 2127 193 2211 quod
215 2150 289 2191 mea
310 2149 384 2191 cum
405 2129 518 2214 patulo
540 2128 641 2193 coluit
662 2128 735 2213 puls
760 2148 868 2191 annua
891 2127 964 2203 libo,

106 2233 232 2299 debitor
255 2243 312 2299 aut
338 2245 483 2320 sumptos
506 2237 613 2321 pergit
635 2259 701 2300 non
724 2235 857 2299 reddere
880 2256 1042 2313 nummos

105 2359 189 2401 vana
212 2338 400 2423 supervacui
425 2339 534 2404 dicens
558 2328 768 2424 chirograplia
793 2338 881 2422 ligni,

106 2441 323 2526 expectandus
350 2443 413 2508 erit
438 2443 495 2528 qui
517 2443 592 2506 lites
614 2441 743 2506 inchoet
769 2464 872 2506 annus

105 2549 206 2612 totius
231 2548 349 2633 populi.
394 2547 451 2612 sed
473 2554 552 2611 tunc
575 2569 703 2633 quoque
723 2546 813 2611 mille
835 2547 967 2611 ferenda

105 2653 221 2730 taedia,
244 2652 334 2716 mille
360 2674 484 2716 morae:
517 2651 637 2715 totiens
660 2650 811 2714 subsellia
831 2656 962 2714 tantum

105 2765 307 2837 stemuntur;
336 2757 403 2820 iam
426 2755 563 2819 facundo
588 2762 730 2839 ponente
755 2753 897 2818 lacernas

105 2860 252 2925 Caedicio
274 2866 308 2923 et
329 2859 431 2924 Fusco
453 2859 519 2923 iam
540 2858 754 2938 micturiente,
778 2857 884 2944 parati
957 2942 959 2947 ⁴

105 2963 303 3048 digredimur
327 2963 480 3047 lentaque
506 2961 566 3026 fori
589 2984 771 3047 pugnamus
796 2962 925 3027 harena

104 3076 155 3131 ast
178 3068 249 3143 illis,
275 3088 353 3151 quos
379 3089 468 3130 arma
493 3073 610 3150 tegunt
637 3075 670 3130 et
693 3067 818 3131 balteus
843 3066 953 3144 ambit,

105 3171 190 3255 quod
216 3171 370 3256 placitum
395 3179 444 3235 est
467 3170 544 3256 ipsis
566 3178 751 3256 praestatur
774 3178 903 3256 tempus
929 3172 1054 3280 agendi,

103 3296 164 3337 nec
185 3297 236 3338 res
259 3275 370 3339 atterit
372 3298 411 3337 ur
435 3275 530 3359 longo
557 3275 738 3339 sufflamine
763 3274 837 3362 litis.
904 3358 907 3365 ἱ

150 3378 233 3444 Solis
257 3388 424 3465 praeterea
449 3379 592 3443 testandi
615 3357 806 3443 militibus
797 3400 848 3442 1us

103 3482 177 3545 vivo
203 3491 295 3567 patre
320 3483 429 3562 datur;
454 3505 531 3547 nam
557 3505 640 3567 quae
664 3489 741 3546 sunt
764 3488 858 3566 parta
879 3480 989 3547 labore
1023 3565 1026 3573 ‚

105 3583 248 3663 militiae,
274 3586 397 3675 placuit
419 3608 482 3650 non
511 3608 578 3650 esse
602 3586 637 3649 in
662 3607 792 3671 corpore
818 3607 938 3661 census,

106 3711 199 3754 omne
223 3695 313 3753 tenet
337 3687 426 3751 cuius
449 3689 593 3772 regimen
616 3696 717 3773 pater.
766 3709 841 3771 ergo
864 3686 1024 3751 Coranum

105 3788 268 3873 signorum
291 3788 440 3852 comitem
463 3796 701 3874 castrorumque
724 3811 799 3852 aera
820 3796 999 3854 merentem
