2550 4266
27 275 189 365 exigite
215 289 255 349 ut
279 306 382 349 mores
405 291 533 352 teneros
557 308 615 350 ceu
636 287 750 372 pollice
773 283 875 372 ducat,
903 283 906 290 ¹

37 377 88 432 ut
130 383 161 445 si
184 383 270 467 quisQ
282 406 353 448 cera
382 385 507 451 voltum
532 387 608 451 facit
620 412 628 467 ;
650 390 769 476 exigite
795 405 833 460 ut
861 396 903 462 sit
981 428 995 444 ··
1024 436 1027 444 r
1094 431 1120 459 ἰ

10 523 37 575 u,-
50 478 88 535 ‘il
123 494 221 568 pater
244 485 344 570 ipsius
369 495 485 564 coetus,
516 512 559 554 ne
588 494 698 578 turpia
722 496 843 573 ludant,

10 583 106 655 ΜΘ
134 587 253 652 faciant
275 588 407 654 vicibus.
452 613 517 655 non
540 603 589 657 est
611 595 680 660 leve
703 604 753 662 tot
773 622 952 684 puerorumv

69 675 238 754 Observare
261 714 376 756 manus
401 695 571 780 oculosque
595 698 630 761 in
651 699 715 764 fine
737 706 912 770 trementis.

77 780 185 867 ‘haec’
207 794 323 878 inquit,
349 802 457 862 ‘curat
492 807 541 865 set
571 824 644 866 cum
668 827 701 868 se
723 808 856 873 verterit
878 832 989 889 annus,

84 891 186 976 accipe,
210 895 323 961 victon'
344 901 482 985 populus
504 905 590 987 quod
611 909 762 991 postulat,
786 913 917 980 aurum?

541 1356 653 1432 VIII

25 1565 30 1572 ·
72 1536 253 1602 Stemmata
275 1531 353 1620 quid
375 1531 519 1597 faciunt?
542 1529 620 1616 quid
642 1532 779 1617 prodest,
803 1534 944 1613 Pontice,
966 1535 1061 1620 longo

70 1638 227 1722 sanguine
249 1635 377 1710 censeri,
400 1635 502 1719 pictos
526 1635 693 1699 ostendere
714 1637 824 1700 vultus
1092 1643 1096 1650 '

66 1740 228 1803 maiorum
252 1746 284 1801 et
307 1738 420 1801 stantis
442 1737 477 1799 in
499 1737 643 1801 curribus
665 1740 862 1806 Aemilianos

66 1850 103 1906 et
130 1840 240 1905 Curios
262 1840 327 1903 iam
351 1839 499 1902 dimidios
521 1861 711 1924 umerosque
733 1842 890 1908 minorem

21 1956 47 2026 5
66 1944 246 2011 Corvinum
269 1952 303 2007 et
326 1942 461 2006 Galbam
484 1941 635 2005 auriculis
657 1966 798 2028 nasoque
821 1949 1005 2012 carentem?

63 2048 143 2133 quis
163 2046 294 2123 fructus,
318 2045 443 2130 generis
465 2045 577 2108 tabula
599 2046 717 2109 iactare
740 2049 848 2133 capaci

28 2147 34 2159 '
64 2150 268 2236 [Corvinum
285 2150 417 2235 posthac
439 2149 544 2212 multa
565 2149 751 2233 contingere
773 2152 877 2239 virga]

61 2255 208 2319 fumosos
231 2254 377 2339 equitum
400 2275 473 2316 cum
494 2252 649 2316 dictatore
671 2254 847 2338 magistros

63 2361 96 2424 si
119 2381 225 2423 coram
246 2358 376 2442 Lepidis
398 2358 482 2420 male
504 2357 645 2419 vivitur?
675 2357 795 2442 effigies
817 2381 885 2443 quo

13 2479 44 2528 0
62 2472 119 2529 tot
141 2463 342 2537 bellatorum,
367 2462 394 2525 si
416 2461 539 2524 luditur
562 2461 632 2523 alea
653 2482 776 2545 pernox

63 2574 146 2630 ante
170 2565 397 2639 Numantinos,
425 2564 452 2627 si
478 2563 615 2628 dormire
638 2564 753 2649 incipis
776 2572 848 2629 ortu

64 2669 202 2748 luciferi,
232 2691 296 2754 quo
331 2669 421 2751 signa
443 2666 538 2730 duces
561 2674 594 2731 et
617 2676 721 2730 castra
749 2668 944 2734 movebant?
1023 2655 1037 2660 l'

64 2795 127 2839 cur
147 2771 355 2857 Allobrogicis
378 2779 411 2835 et
433 2793 552 2855 magna
573 2771 712 2856 gaudeat
735 2793 791 2835 ara

64 2885 166 2942 natus
188 2876 223 2938 in
245 2874 405 2939 Herculeo
430 2873 549 2938 Fabius
575 2875 650 2950 lare,
676 2875 704 2937 si
730 2873 872 2958 cupidus,
899 2874 926 2938 si

22 2994 47 3064 5
65 3003 172 3046 vanus
194 2989 228 3045 et
251 2981 404 3066 Euganea
426 2979 633 3064 quantumvis
655 2979 780 3043 mollior
801 3002 892 3063 agna,

67 3086 96 3150 si
120 3096 268 3150 tenerum
292 3085 423 3147 attritus
447 3083 612 3148 Catinensi
634 3082 761 3168 pumice
784 3083 930 3145 lumbum

68 3190 246 3275 squalentis
268 3189 408 3254 traducit
431 3211 506 3252 avos
529 3195 717 3272 emptorque
739 3185 854 3249 veneni

67 3294 247 3380 frangenda
268 3294 417 3357 miseram
440 3293 583 3356 funestat
606 3291 744 3374 imagine
766 3293 918 3374 gentemt

68 3409 141 3466 tota
162 3399 237 3463 licet
259 3407 383 3462 veteres
407 3402 562 3461 exornent
584 3394 728 3479 undique
751 3415 840 3458 cerae

10 3531 53 3581 20
69 3504 161 3580 atria,
184 3504 334 3568 nobilitas
357 3501 423 3566 sola
446 3509 495 3565 est
517 3507 614 3584 atque
638 3500 732 3562 unica
752 3498 861 3562 virtus.

69 3607 191 3673 Paulus
213 3606 266 3670 vel
288 3605 403 3670 Cossus
426 3603 478 3668 vel
500 3602 623 3665 Drusus
647 3600 789 3664 moribus
813 3607 888 3676 esto,

69 3709 128 3776 hos
150 3717 226 3776 ante
250 3708 369 3793 effigies
391 3707 550 3772 maiorum
572 3725 655 3789 pone
678 3710 818 3790 tuorum,

1010 3812 1032 3878 3
