2602 4282
455 264 459 271 .
559 203 645 282 xv
1083 158 1164 304 a,

61 396 233 483 pallorem
255 413 293 458 ac
318 391 456 457 maciem
480 398 514 458 et
535 396 651 457 tenues
676 391 903 461 miserantibus
927 405 1025 476 artus,

64 500 225 565 membra
245 499 351 563 aliena
372 497 462 561 fame
478 497 673 573 lacerabant,
697 519 765 562 esse
787 500 892 584 parati

66 613 107 670 et
132 628 201 671 sua
233 604 382 690 quisnam
403 602 572 668 hominum
594 603 724 668 veniam
746 603 823 669 dare
845 608 957 692 quisve
979 610 1112 676 deorum
1155 687 1156 690 Ἴ

66 709 246 773 ventribus
267 708 425 772 abnueret
447 705 518 770 dira
538 714 638 791 atque
659 707 804 773 inmania
824 713 928 795 passis
1061 706 1065 714 ’
1154 694 1157 699 ’

10 811 47 879 ’5
68 821 109 876 et
133 811 254 896 quibus
275 811 404 875 illorum
425 818 576 895 poterant
599 810 763 895 ignoscere
783 836 904 897 manes,

67 938 217 1001 quorum
242 915 425 1000 corporibus
448 915 677 980 vescebantur?
699 917 815 984 melius
836 943 895 985 nos

64 1021 215 1085 Zenonis
237 1026 409 1105 praecepta
429 1027 579 1099 monent3
600 1043 661 1084 nec
682 1021 770 1085 enim
792 1024 907 1103 omnia,
931 1027 1090 1111 quaedam

65 1147 132 1210 pro
157 1124 226 1188 vita
246 1122 393 1188 facienda
413 1131 553 1208 putant:
576 1124 632 1188 sed
654 1123 817 1190 Cantaber
838 1124 933 1194 unde-

66 1228 204 1305 stoicus,
227 1228 354 1313 antiqui
375 1227 566 1313 praesertim
588 1237 697 1293 aetate
721 1230 866 1296 Metellis

10 1347 48 1396 '0
67 1354 164 1396 nunc
186 1338 276 1395 totus
299 1331 411 1396 Graias
436 1340 626 1417 nostraeque
652 1332 753 1397 habet
775 1334 862 1399 orbis
882 1337 1038 1415 Athenas,

67 1435 184 1500 Gallia
205 1432 380 1499 causidicos
402 1434 512 1499 docuit
532 1435 670 1499 facunda
691 1436 873 1514 Britannos,

67 1539 112 1604 de
138 1539 346 1603 conducendo
368 1539 514 1624 loquitur
535 1539 602 1603 iam
622 1540 751 1604 rhetore
773 1540 883 1628 Thyle.
952 1584 955 1588 ι

67 1642 194 1707 nobilis
216 1642 271 1706 ille
292 1650 404 1706 tamen
426 1643 572 1727 populus,
595 1665 694 1727 quem
717 1644 865 1723 diximus,
888 1654 923 1711 et
944 1668 1003 1731 par

68 1748 199 1813 virtute
221 1757 320 1833 atque
341 1747 414 1824 fide,
438 1747 494 1811 sed
516 1747 619 1810 maior
640 1747 738 1824 clade,
761 1749 953 1834 Zagynthos,

10 1853 51 1922 [5
71 1853 145 1917 tale
167 1853 245 1939 quid
268 1860 413 1916 excusat:
438 1850 602 1914 Maeotide
625 1851 749 1915 saevior
770 1871 826 1916 ara

71 1958 250 2044 Aegyptos.
269 2006 271 2015 .
288 1957 408 2042 quippe
429 1956 487 2019 illa
507 1955 642 2020 nefandi
664 1955 800 2019 Taurica
821 1955 902 2020 sacri

74 2061 240 2127 inventrix
258 2061 419 2137 homines,
442 2061 570 2124 utiam
593 2083 677 2146 quae
700 2061 842 2125 carmina
863 2060 998 2125 tradunt

78 2164 176 2249 digna
196 2166 261 2231 fide
283 2166 402 2242 credas
425 2173 556 2255 tantum
578 2164 733 2243 immolat,
756 2165 893 2230 ulterius
912 2165 959 2228 nil

84 2280 140 2335 aut
160 2273 287 2358 gravius
309 2273 413 2337 cultro
434 2272 530 2336 timet
551 2272 665 2336 hostia.
689 2272 761 2358 quis
785 2273 880 2337 modo
902 2290 992 2334 casus

10 2373 72 2424 :20
88 2369 209 2458 impulit
230 2378 308 2441 hosl
331 2399 416 2462 quae
435 2384 530 2440 tanta
551 2376 652 2439 fames
675 2376 855 2460 infestaque
878 2374 963 2440 vallo
1005 2423 1006 2426 η

10 2564 12 2573 Ι
92 2493 171 2543 arma
190 2489 364 2566 coegerunt
385 2489 455 2546 tam
478 2481 669 2545 detestabile
692 2488 873 2545 monstrum

94 2580 215 2649 auderet
236 2608 320 2650 anne
343 2585 440 2650 aliam
462 2593 549 2650 terra
571 2575 786 2671 Memphitide
809 2587 892 2652 sicca

92 2670 234 2753 iIlvidiam
256 2677 549 2754 facerent'nolenti
572 2713 701 2774 surgere
723 2692 819 2755 Nilo?

14 2852 29 2899 J
86 2796 148 2860 qua
167 2815 224 2859 nec
246 2794 406 2858 terribiles
429 2794 553 2859 Cimbri
576 2817 635 2859 nec
659 2796 808 2860 Britones
831 2806 988 2881 umquam

32 2861 354 2985 ²5Sauromataeque
377 2907 483 2964 truces
505 2908 562 2964 aut
584 2901 742 2964 immanes
764 2899 947 2986 Agathyrsi,

67 2977 141 3060 bae
163 3005 264 3069 saevit
285 3004 375 3069 rabie
397 3004 516 3068 inbelle
539 3013 572 3069 et
594 3005 712 3069 inutile
733 3007 857 3091 vulgus,
1018 3068 1020 3072 ,

57 3099 390 3175 Parvulasfiotilibus
418 3109 550 3172 solitum
574 3109 650 3173 dare
672 3110 745 3173 vela
768 3109 907 3194 phaselis
952 3098 953 3102 ¹

55 3197 86 3252 el
136 3211 287 3279 brevibus
310 3214 416 3300 pictae
441 3215 537 3278 remis
561 3215 747 3279 incumbere
773 3221 884 3278 testae.

50 3308 144 3374 HQ
166 3328 309 3404 poenam
326 3321 438 3384 sceleri
462 3321 614 3398 invenies,
641 3343 700 3384 nec
725 3319 823 3403 digna
848 3316 976 3402 parabis

24 3387 236 3505 osuDplicia
259 3424 310 3487 his
334 3426 469 3511 populis,
496 3425 532 3487 in
556 3446 693 3510 quorum
719 3431 829 3487 mente
853 3442 946 3506 pares
971 3425 1047 3481 sunt

50 3508 86 3564 el*
143 3528 257 3619 similes
284 3530 332 3612 ira
355 3537 452 3614 atque
479 3529 587 3593 fames.
618 3527 806 3591 mollissima
830 3523 925 3589 corda

52 3597 222 3698 huInane
244 3633 356 3719 generi
379 3633 454 3697 dare
478 3654 511 3696 se
534 3639 651 3695 natura
677 3632 806 3709 fatetur,

57 3724 165 3799 quae
188 3738 345 3802 lacrimas·
361 3736 464 3825 dedit3
489 3737 568 3824 haec
589 3733 692 3798 nostri
715 3737 791 3820 pars
813 3731 938 3825 optima
959 3752 1076 3794 sensus,
1128 3760 1130 3766 ⁸

57 3815 204 3908 llorere
227 3863 301 3926 ergo
324 3839 417 3904 iubet
437 3860 567 3904 causam
589 3837 728 3904 dicentis
750 3837 849 3905 amici
928 3894 936 3901 ..
964 3871 969 3877 «

985 3939 1079 4006 e-‹2
