2550 4266
105 530 184 610 Quis
208 531 318 607 nescit,
345 530 457 594 Volusi
481 529 663 614 Bithynice,
691 530 800 615 qualia
824 531 957 596 demens

104 636 271 718 Aegyptus
296 642 446 718 portenta
471 634 572 696 colat?
598 634 776 697 crocodilon
800 634 913 699 adorat

104 758 177 821 pars
201 737 287 811 haec,
312 736 369 799 illa
391 744 488 820 pavet
512 744 654 799 saturam
678 737 879 821 serpentibus
904 736 981 801 ibin.

105 839 224 923 effigies
251 840 329 902 sacri
354 840 438 902 nitet
465 861 562 902 aurea
588 839 808 923 cercopitheci,

105 941 237 1005 dimidio
263 943 405 1026 magicae
429 952 580 1005 resonant
604 942 662 1005 ubi
686 943 858 1007 Memnone
884 942 1021 1008 chordae
1157 943 1170 1008 5

105 1053 202 1130 atque
226 1055 319 1109 vetus
342 1045 451 1109 Thebe
476 1054 608 1109 centum
633 1045 717 1109 iacet
741 1047 857 1110 obruta
878 1046 988 1130 portis.
1022 1116 1023 1120 ,

105 1153 169 1217 illic
193 1155 325 1230 aeluros,
353 1154 404 1217 hic
426 1153 546 1238 piscem
570 1153 721 1227 fluminis,
744 1153 810 1217 illic

106 1256 222 1341 oppida
245 1266 314 1320 tota
338 1279 449 1320 canem
473 1267 676 1332 venerantur,
700 1279 795 1322 nemo
819 1257 969 1324 Dianam.

105 1382 234 1444 porrum
259 1371 292 1424 et
316 1383 393 1445 cepe
421 1359 509 1423 nefas
533 1360 652 1423 violare
676 1368 710 1424 et
734 1361 880 1446 frangere
905 1385 1027 1427 morsu:

107 1489 124 1526 o
148 1475 272 1528 sanctas
295 1474 415 1549 gentes
442 1464 558 1548 quibus
584 1463 662 1528 haec
687 1474 864 1529 nascuntur
889 1465 924 1528 in
948 1465 1050 1531 hortis

106 1570 253 1634 numina}
282 1570 396 1633 lanatis
420 1569 612 1633 animalibus
637 1570 779 1634 abstinet
802 1570 906 1634 omnis

106 1696 224 1750 mensa,
248 1675 337 1737 nefas
360 1673 425 1737 illic
449 1673 552 1737 fetum
575 1674 720 1757 iugulare
747 1672 903 1756 capellae:

107 1777 252 1840 carnibus
277 1777 426 1840 humanis
452 1776 537 1839 vesci
563 1775 645 1838 licet.
691 1775 828 1838 attonito
853 1797 929 1838 cum

107 1883 171 1945 tale
195 1904 290 1966 super
314 1904 425 1945 cenam
452 1882 574 1945 facinus
597 1890 742 1945 narraret
767 1881 880 1946 Ulixes

107 1983 247 2058 Alcinoo,
274 1984 373 2047 bilem
399 1993 455 2048 aut
479 1984 580 2049 risum
606 1986 739 2049 fortasse
764 1984 958 2067 quibusdam

108 2095 258 2162 moverat,
283 2096 321 2151 111
344 2089 484 2152 mendax
509 2088 697 2173 aretalogus
724 2088 772 2151 ‘in
798 2111 886 2153 mare
911 2111 1006 2152 nemo

108 2193 193 2255 hunc
215 2194 313 2258 abicit
337 2217 432 2258 saeva
457 2195 592 2280 dignum
616 2215 755 2278 veraque
783 2192 957 2277 Charybdi,

108 2297 283 2380 fingentem
308 2298 444 2361 inmanis
468 2298 699 2381 Laestrygonas
723 2304 821 2380 atque
846 2296 1020 2382 Cyclopasl

109 2422 184 2462 nam
208 2400 302 2464 citius
325 2400 465 2484 Scyllam
491 2401 542 2462 vel
566 2399 787 2463 concurrentia
810 2421 887 2462 saxa

109 2502 254 2587 Cyaneis,
281 2503 391 2587 plenos
416 2512 449 2566 11
474 2502 722 2586 tempestatibus
745 2510 834 2565 utres

109 2608 305 2685 crediderim,
330 2619 387 2672 aut
410 2608 503 2672 tenui
528 2630 713 2692 percussum
737 2608 868 2672 verbere
892 2606 998 2673 Circes

110 2719 236 2774 etcum
261 2712 434 2795 remigibus
460 2710 628 2796 grunnisse
652 2711 813 2795 Elpenora
838 2711 949 2795 porcis.

109 2826 177 2877 tarn
202 2816 294 2879 vacui
318 2816 431 2900 capitis
457 2817 615 2902 populum
641 2817 788 2879 Phaeaca
810 2815 964 2900 putavitl’

110 2918 153 2980 sic
176 2918 292 3003 aliquis
314 2919 430 2982 merito
454 2919 598 2983 nondum
622 2919 729 2983 ebrius
754 2927 788 2982 et
813 2917 986 2981 minimum
1011 2917 1068 3002 qui

109 3024 149 3087 de
173 3025 348 3109 Corcyraea
370 3034 529 3090 temetum
553 3027 689 3091 duxerat
714 3048 814 3106 uma;
1172 3016 1210 3084 25

109 3130 193 3193 solus
218 3131 304 3193 enim
328 3131 407 3195 haec
430 3132 562 3196 Ithacus
585 3132 674 3196 nullo
698 3132 757 3196 sub
780 3126 863 3195 teste
886 3130 1031 3194 canebat.

109 3256 166 3297 nos
190 3234 335 3299 miranda
359 3237 497 3321 quidem,
521 3247 570 3302 set
595 3261 698 3324 nuper
722 3237 851 3302 consule
875 3236 976 3301 Iunco

108 3350 200 3425 gesta
222 3364 318 3428 super
339 3344 459 3408 calidae
482 3345 655 3409 referemus
679 3343 806 3408 moenia
830 3341 934 3428 Copti,

109 3469 166 3510 nos
188 3447 274 3531 volgi
296 3449 397 3512 scelus
418 3457 453 3512 ct
476 3449 598 3513 cunctis
619 3449 765 3536 graviora
788 3446 975 3528 cothurnis;
1112 3516 1115 3521 ,

108 3574 185 3615 nam
212 3552 321 3628 scelus,
347 3575 367 3616 a
387 3553 488 3638 Pyrra
505 3574 702 3638 quamquam
726 3552 835 3618 omnia
858 3559 1001 3637 syrmata
1024 3550 1144 3629 volvas,
1174 3578 1215 3648 3⁰

109 3658 217 3722 nullus
242 3666 321 3743 aput
344 3658 480 3744 tragicos
503 3659 640 3744 populus
663 3657 749 3722 facit.
791 3655 900 3741 accipe
923 3660 1031 3720 nostro

111 3759 181 3825 dira
204 3762 290 3849 quod
314 3764 498 3849 exemplum
521 3763 631 3828 feritas
654 3761 843 3849 produxerit
866 3779 953 3826 aevo.
