2602 4282
137 187 181 275 78
615 176 722 255 XIV
830 247 834 255 .

133 391 176 432 an
196 370 299 456 magis
320 357 483 436 oblectant
504 369 648 434 animum
669 371 789 436 iactata
808 381 942 459 petauro
1018 412 1020 415 ·

133 495 264 558 corpora
285 475 405 562 quique
427 475 508 539 solet
523 483 655 539 ‘rectum
677 476 869 543 descendere
890 478 1012 555 funem,

133 599 231 662 quam
253 586 299 656 tu,
324 578 457 663 Corycia
478 600 605 662 semper
627 579 683 663 qui
704 601 812 664 puppe
833 581 967 645 moraris

133 689 230 766 atque
252 682 388 758 habitas,
413 704 485 745 coro
507 703 633 765 semper
655 683 815 746 tollendus
837 691 870 747 et
893 693 1010 764 austro,

131 783 277 867 perditus
299 808 336 848 ac
357 785 430 849 vilis
452 785 534 848 sacci
555 793 712 849 mercator
734 786 857 864 olentis,

132 887 189 970 qui
210 888 329 972 gaudes
352 888 472 974 pingue
496 888 650 972 antiquae
673 888 827 953 delitare
850 889 966 955 Cretae

130 1013 261 1075 passum
283 1001 317 1056 et
338 992 516 1076 municipes
538 991 624 1055 Iovis
646 991 811 1056 advexisse
834 992 987 1082 lagonas?

130 1098 191 1165 hic=
204 1106 316 1162 tamen
337 1097 471 1183 ancipiti
492 1097 594 1182 figens
616 1097 751 1181 vestigia
771 1098 884 1181 planta

129 1202 253 1266 victum
275 1202 331 1265 illa
351 1200 497 1265 mercede
519 1208 612 1286 parat
634 1201 846 1284 brumamque
868 1199 1055 1286 famemque

130 1304 186 1368 illa
206 1316 290 1369 reste
314 1313 405 1369 cavet
416 1329 425 1385 ;
446 1313 485 1368 tu
506 1291 637 1389 propter
658 1303 747 1366 mille
767 1304 893 1368 talenta

130 1415 163 1471 et
186 1416 317 1472 centum
339 1408 431 1471 villas
453 1405 654 1471 temerarius.
696 1406 802 1491 aspice
824 1415 938 1492 portus

130 1521 162 1577 61
183 1514 317 1598 plenum
339 1513 464 1596 magnis
485 1513 631 1577 trabibus
646 1535 734 1576 mare
744 1536 753 1592 ;
774 1512 847 1597 plus
861 1513 1032 1578 hominum
1050 1524 1107 1582 est
1125 1517 1194 1584 iam

79 1615 81 1618 ⁴
128 1617 163 1679 in
184 1616 306 1701 pelage,
329 1616 439 1680 veniet
461 1616 576 1694 classis,
600 1637 802 1700 quocumque
823 1616 944 1681 vocarit

128 1742 199 1804 spes
221 1719 310 1795 lucri,
334 1741 393 1782 nec
415 1718 627 1803 Carpathium
649 1719 851 1804 Gaetulaque
873 1728 1004 1786 tantum

128 1847 266 1909 aequora
287 1823 454 1902 transiliet,
477 1823 533 1886 sed
555 1823 648 1908 longe
672 1823 771 1907 Calpe
792 1825 904 1889 relicta

127 1928 237 1992 audiet
260 1927 420 1992 Herculeo
442 1927 631 1991 stridentem
652 1928 779 2012 gurgite
801 1929 908 1994 solem

126 2031 247 2115 grande
270 2031 548 2116 operaepretium
570 2040 628 2105 est,
651 2038 690 2094 ut
711 2040 802 2094 tenso
824 2032 899 2096 folle
920 2036 1039 2099 reverti

126 2136 201 2199 inde
224 2136 356 2199 domum
377 2135 477 2220 possis
498 2135 689 2219 tumidaque
711 2136 867 2218 superbus
889 2137 985 2217 aluta,

127 2239 245 2303 Oceani
267 2246 410 2302 monstra
432 2246 466 2302 et
488 2238 620 2301 iuvenes
641 2236 759 2300 vidisse
780 2239 927 2306 marinos.

125 2365 191 2407 non
212 2365 296 2406 unus
318 2349 442 2405 mentes
465 2341 567 2424 agitat
589 2341 683 2404 furor.
727 2340 782 2405 ille
805 2345 917 2408 sororis

125 2445 160 2507 in
180 2445 330 2509 manibus
352 2445 446 2509 vultu
469 2442 690 2506 Eumenidum
711 2451 851 2508 terretur
873 2455 906 2511 et
928 2448 1003 2532 igni,

124 2550 176 2613 hio
199 2550 279 2614 bove
301 2572 448 2634 percusso
470 2549 595 2633 mugire
616 2550 861 2634 Agamemnona
882 2554 983 2619 credit

125 2665 181 2720 aut
204 2657 360 2720 Ithacum.
405 2664 516 2742 parcat
538 2655 656 2719 tunicis
678 2655 754 2719 licet
776 2665 874 2741 atque
896 2659 1037 2737 lacernis

124 2760 278 2825 curatoris
300 2769 373 2845 eget
397 2761 453 2845 qui
475 2783 593 2824 navem
615 2760 774 2824 mercibus
796 2761 911 2847 implet

125 2867 165 2931 ad
187 2889 350 2931 summum
371 2869 457 2932 latus
479 2875 513 2932 61
534 2867 647 2932 tabula
668 2866 877 2950 distinguitur
897 2869 992 2946 unda,

124 2996 197 3036 cum
220 2974 262 3037 sit
284 2996 380 3037 causa
401 2974 479 3037 mali
501 2974 587 3038 tanti
610 2981 644 3038 et
666 2973 857 3039 discriminis
879 2975 975 3040 huius

123 3075 284 3139 concisum
307 3084 476 3160 argentum
498 3077 533 3140 in
554 3076 666 3141 titulos
688 3076 849 3162 faciesque
870 3079 1020 3148 minutas

124 3186 293 3242 occurrunt
315 3180 418 3243 nubes
440 3189 473 3244 et
496 3180 631 3263 fulgura,
657 3179 786 3244 ‘solvite
808 3180 938 3259 funem,’

122 3283 277 3347 frumenti
300 3284 448 3348 dominus
471 3285 589 3348 clamat
609 3285 769 3370 piperisve
792 3289 939 3374 coempti,

124 3385 187 3448 ‘nil
209 3387 293 3450 color
314 3387 366 3451 hic
389 3388 476 3465 caeli,
498 3388 546 3451 nil
567 3387 664 3452 fascia
685 3388 776 3473 nigra
797 3391 958 3475 minatum

122 3489 280 3552 aestivum
302 3491 410 3556 tonat?
453 3490 566 3556 infelix
587 3492 647 3555 hac
669 3493 801 3557 forsitan
823 3495 894 3580 ipsa

121 3602 213 3658 nocte
236 3596 322 3660 cadit
343 3598 450 3662 fractis
471 3598 625 3676 trabibus,
648 3600 815 3686 fluctuque
835 3609 1000 3686 premetur

120 3698 253 3762 obrutus
276 3707 309 3763 61
331 3724 445 3766 zonam
467 3704 560 3767 laeva
581 3726 753 3789 morsuque
774 3709 909 3776 tenebit.

120 3802 176 3869 sed
199 3804 287 3893 cuius
309 3808 392 3872 votis
413 3807 511 3873 modo
531 3829 597 3873 non
617 3808 786 3875 suffecerat
808 3830 932 3892 aurum,
