2602 4282
617 181 724 259 XIV

117 369 226 460 quod
250 369 358 455 Tagus
380 377 414 434 et
435 369 534 434 rutila
555 369 656 434 volvit
679 369 828 434 Pactolus
850 371 977 449 harena,

77 488 102 538 Ο
118 475 260 560 frigida
282 475 441 538 sufficient
462 475 606 538 velantes
629 474 763 558 inguina
783 476 884 558 panni

121 578 343 662 exiguusque
365 577 463 652 cibus
486 599 592 640 mersa
612 585 682 640 rate
704 577 877 661 naufragus
898 601 1001 645 assem

120 683 220 747 dum
244 690 335 766 rogat
358 689 392 745 et
413 682 500 766 picta
521 704 554 746 sc
577 689 771 767 tempestate
792 690 911 748 tuetur.

178 785 299 848 Tantis
320 793 414 870 parta
435 784 528 848 malis
551 807 627 848 cura
648 784 768 849 maiore
790 794 945 872 metuque

122 896 317 966 servantur.
361 887 479 951 misera
501 896 550 951 est
572 887 681 972 magni
703 887 848 952 custodia
870 912 991 955 census,

78 1007 104 1076 5
124 991 304 1076 dispositis
325 990 491 1075 praedives
513 989 594 1054 amis
616 991 748 1073 vigilare
770 991 933 1056 cohortem

124 1119 308 1162 servorum
329 1105 427 1160 noctu
450 1096 581 1160 Licinus
603 1096 702 1175 iubet,
726 1098 884 1162 attonitus
905 1121 962 1184 pro

125 1204 259 1270 electro
282 1203 443 1288 signisque
465 1204 531 1267 suis
554 1203 757 1288 Phrygiaque
780 1203 929 1268 columna

123 1318 239 1394 atque
262 1310 357 1376 ebore
379 1317 412 1372 et
433 1309 501 1372 lata
522 1308 694 1372 testudine.
723 1294 823 1371 'dolia
844 1307 925 1371 nudi

123 1441 201 1481 non
226 1417 339 1480 ardent
362 1415 481 1500 cynici;
503 1414 530 1479 si
552 1414 690 1498 fregeris,
715 1413 816 1477 altera
837 1413 894 1479 fiet

77 1544 105 1592 o
123 1545 205 1587 cras
230 1522 352 1598 domus,
375 1530 473 1606 atque
496 1521 610 1585 eadem
632 1521 764 1605 plumbo
787 1523 956 1586 commissa
976 1524 1127 1589 manebit

123 1627 238 1692 sensit
260 1626 453 1703 Alexander,
476 1635 563 1691 testa
584 1648 658 1689 curn
679 1625 762 1689 vidit
784 1625 819 1688 in
841 1626 898 1690 illa

122 1752 294 1816 magnum
316 1729 540 1804 habitatorem,
565 1736 686 1813 quanto
709 1728 831 1792 felicior
851 1727 911 1807 hic,
935 1729 991 1813 qui

121 1834 180 1898 nil
207 1841 346 1917 cuperet,
371 1855 469 1916 quam
492 1831 549 1916 qui
570 1839 677 1894 totum
700 1831 761 1894 sibi
782 1841 927 1915 posceret
949 1833 1066 1908 orbern,

121 1963 288 2029 passurus
309 1940 408 2026 gestis
430 1939 600 2025 aequanda
620 1937 763 2022 pericula
784 1938 885 2002 rebus.
1119 1916 1121 1925 Ι

77 2069 102 2140 5
125 2046 265 2109 nullum
286 2067 409 2109 numen
429 2043 536 2117 habes,
561 2041 588 2105 si
611 2041 652 2104 sit
674 2039 866 2125 prudentia3
886 2063 944 2105 nos
965 2050 1008 2117 te,

124 2173 192 2213 nos
216 2149 358 2227 facimus,
382 2149 535 2224 Fortuna,
557 2146 658 2210 deam.
703 2167 855 2209 mensura
875 2155 987 2211 tamen
1008 2168 1090 2232 quae

123 2251 273 2316 sufficiat
295 2274 415 2327 census,
440 2251 467 2314 si
490 2252 561 2336 quis
583 2273 636 2314 me
659 2251 811 2327 consulat,
836 2250 948 2317 edam:

120 2361 163 2424 in
189 2367 350 2444 quantum
372 2359 442 2422 sitis
464 2365 562 2442 atque
584 2359 684 2421 fames
707 2365 740 2420 et
762 2357 879 2441 frigora
903 2367 1048 2442 poscunt,

123 2473 301 2551 quantum,
325 2455 471 2550 Epicure,
495 2464 556 2528 tibi
578 2463 684 2548 parvis
707 2463 833 2527 suffecit
855 2463 890 2526 in
912 2463 1022 2541 hortis,

77 2591 106 2639 o
126 2576 294 2655 quantum
316 2567 470 2632 Socratici
492 2575 646 2652 ceperunt
668 2573 744 2653 ante
766 2573 906 2651 penates.

125 2693 314 2755 numquam
337 2671 420 2735 aliut
443 2678 567 2744 natura,
593 2669 675 2733 aliut
699 2669 858 2754 sapientia
883 2669 970 2734 dicit.

124 2775 260 2841 acribus
285 2773 440 2858 exemplis
462 2773 574 2836 videor
596 2779 630 2836 te
654 2772 803 2837 eluderet
827 2771 926 2836 misce

125 2900 209 2962 ergo
235 2877 356 2962 aliquid
381 2877 497 2940 nostris
521 2876 562 2940 de
587 2875 738 2951 moribus,
766 2875 855 2938 effice
878 2895 1066 2950 summam,-

125 2982 183 3047 bis
208 2989 332 3066 septem
353 2980 519 3047 ordinibus
543 3001 641 3064 quam
667 2978 721 3042 lex
745 2977 897 3061 dignatur
921 2977 1065 3042 Othonis.

77 3108 105 3179 5
125 3088 212 3151 haec
239 3107 366 3170 quoque
391 3085 418 3148 si
444 3106 558 3169 rugam
582 3082 684 3147 trahit
710 3082 923 3166 extenditque
947 3082 1109 3159 labellum,

124 3212 224 3257 sume
251 3189 329 3254 duos
352 3190 486 3275 equites,
510 3189 560 3253 fac
585 3189 685 3253 tertia
704 3188 946 3273 quadringenta

124 3298 156 3362 si
185 3297 330 3360 nondum
354 3294 476 3380 inplevi
502 3294 670 3380 gremium,
696 3292 723 3356 si
746 3291 900 3376 panditur
924 3292 1018 3369 ultra,

122 3423 192 3466 nec
216 3399 323 3464 Croesi
345 3400 476 3463 fortuna
497 3418 654 3482 umquam
678 3417 737 3459 nec
760 3394 887 3460 Persica
911 3416 1012 3480 regna

124 3502 291 3570 sufficient
316 3502 423 3566 animo
446 3524 506 3566 nec
530 3500 663 3565 divitiae
686 3497 840 3577 Narcissi„

79 3623 110 3672 0
125 3606 269 3672 indulsit
291 3605 409 3670 Caesar
431 3605 483 3668 cui
508 3602 661 3670 Claudius
684 3601 800 3685 omnia,
824 3600 914 3665 cuius

123 3710 241 3802 paruit
265 3710 410 3795 imperiis
434 3731 568 3774 uxorem
594 3707 735 3771 occidere
760 3706 874 3772 iussus.
