2602 4282
100 403 259 469 vendere
281 399 459 486 municipes
481 398 583 462 fracta
605 399 645 462 de
667 419 772 462 meroe
795 397 930 463 siluros?

101 508 234 592 incipe,
259 505 418 589 Calliope!
443 502 518 566 licet
541 509 574 566 et
596 501 778 566 considere:
801 525 865 566 non
888 510 937 567 est

51 617 86 685 35
102 610 324 687 cantandum,
347 631 398 673 res
419 630 496 672 vera
517 606 631 692 agitur.
653 616 790 684 narrate,
812 608 939 693 puellae

101 715 280 780 Pierides!
300 713 402 798 prosit
424 711 507 775 mihi
529 733 584 774 vos
607 710 725 775 dixisse
746 711 877 796 puellas.

179 818 267 883 Cum
288 817 354 880 iam
376 815 602 880 semianimum
624 816 777 880 laceraret
800 816 929 881 Flavius
951 816 1060 882 orbem

100 920 251 986 ultimus
274 928 307 983 et
329 918 418 983 calvo
441 917 575 982 serviret
597 917 701 981 Roma
722 917 854 994 Neroni,

99 1023 230 1088 incidit
252 1022 382 1086 Adriaci
405 1021 546 1107 spatium
568 1022 756 1086 admirabile
778 1021 905 1087 rhombi
1018 1081 1021 1090 .

51 1141 88 1217 po
100 1136 188 1191 ante
215 1126 347 1190 domum
369 1125 513 1200 Veneris,
538 1147 635 1208 quam
656 1124 774 1189 Dorica
796 1125 934 1189 sustinet
955 1125 1078 1202 Ancon,

53 1262 59 1271 ·
99 1228 327 1314 implevitque
350 1228 456 1307 sinus;
478 1250 537 1292 nec
560 1229 647 1292 enim
668 1228 774 1291 minor
795 1227 943 1292 haeserat
963 1228 1036 1304 illis,

100 1355 192 1418 quos
218 1332 320 1416 operit
342 1331 459 1416 glacies
480 1332 642 1395 Maeotica
663 1340 823 1416 ruptoque
845 1332 976 1397 tandem

100 1437 235 1501 solibus
260 1435 396 1500 effundit
419 1435 570 1500 torrentis
593 1435 634 1498 ad
657 1435 739 1499 ostia
761 1435 857 1502 Ponti

100 1538 239 1605 desidia
260 1523 370 1603 tardos
394 1547 427 1602 et
449 1538 544 1622 longo
567 1537 682 1622 frigore
704 1537 848 1622 pingues,

51 1640 86 1710 15
102 1645 258 1709 destinat
278 1642 339 1706 hoc
361 1650 541 1706 monstrum
564 1641 699 1704 cumbae
721 1640 844 1725 linique
866 1642 1020 1726 magister

51 1744 53 1748 ’
100 1746 259 1835 pontifici
281 1767 414 1810 summo.
460 1744 532 1829 quis
556 1743 642 1807 enim
665 1765 842 1828 proponere
863 1745 964 1809 talem

102 1858 169 1915 aut
194 1871 301 1913 emere
323 1848 466 1924 auderet,
490 1870 565 1912 curn
586 1847 683 1932 plena
705 1854 737 1910 et
759 1847 854 1912 litora
875 1849 978 1912 multo
1037 1897 1039 1900 ψ

102 1954 258 2018 delatore
280 1952 407 2017 forentl
430 1951 564 2036 dispersi
585 1951 732 2036 protinus
754 1951 845 2037 algae

102 2056 317 2141 inquisitores
339 2064 472 2140 agerent
495 2078 568 2121 cum
590 2057 711 2141 remige
733 2056 828 2135 nudo,

51 2170 91 2239 50
105 2183 177 2225 non
201 2158 381 2223 dubitaturi
403 2159 578 2244 fugitivum
601 2160 706 2224 dicere
729 2159 849 2245 piscem
972 2178 974 2184 ’

106 2265 348 2349 depastumque
370 2264 426 2327 diu
448 2253 570 2328 vivaria
593 2264 745 2340 Caesaris,
769 2263 844 2328 inde

107 2368 267 2453 elapsum,
290 2375 434 2431 veterem
456 2367 497 2430 ad
520 2367 688 2431 dominum
711 2367 826 2431 debere
848 2367 973 2433 reverti.

109 2471 140 2535 si
163 2469 244 2555 quid
266 2469 417 2562 Palfurio,
441 2470 467 2533 si
490 2469 648 2533 credimus
670 2470 850 2547 Armillato,

107 2572 271 2660 quidquid
294 2563 501 2658 conspicuum
522 2573 758 2658 pulchrumque
780 2582 829 2638 cst
852 2596 990 2659 aequore
1012 2583 1090 2653 toto,

51 2688 92 2769 55
106 2701 162 2742 res
185 2678 255 2742 fisci
277 2686 333 2756 est,
357 2677 552 2762 ubicumque
574 2685 685 2742 natat:
709 2678 881 2742 donabitur
902 2701 985 2763 ergo,

105 2805 152 2846 ne
175 2790 294 2866 pereat.
339 2781 405 2845 iam
427 2780 552 2845 letifero
574 2781 708 2846 cedente
726 2781 850 2866 pruinis

51 2891 53 2935 ἓ
106 2893 280 2962 autumno,
298 2884 369 2947 ‘iam
392 2892 583 2968 quartanam
606 2885 809 2969 sperantibus
831 2885 942 2970 aegris,

51 2978 53 3059 ἶ
106 2987 268 3054 stridebat
290 2986 441 3051 deformis
463 2986 566 3050 hiems
588 2986 803 3072 praedamque
825 2998 985 3053 recentem

51 3066 53 3150 l
106 3090 278 3170 servabat;
302 3098 414 3153 tamen
435 3089 488 3152 hio
509 3096 667 3196 properat,
689 3090 779 3154 velut
801 3100 937 3175 urgueat
959 3100 1074 3157 auster.

51 3180 93 3259 l50
107 3203 214 3278 utque
237 3193 324 3256 lacus
347 3193 508 3270 suberant,
531 3193 588 3257 ubi
611 3216 808 3280 quamquam
830 3194 938 3259 diruta
960 3205 1066 3260 servat

51 3324 54 3353 :
106 3298 221 3382 ignem
244 3296 420 3359 Troianum
443 3303 476 3359 et
498 3296 632 3360 Vestam
655 3297 731 3361 colit
751 3298 836 3362 Alba
857 3299 1022 3377 minorem,

108 3398 239 3465 obstitit
262 3399 399 3463 intranti
420 3399 568 3464 miratrix
589 3402 685 3465 turba
706 3424 878 3487 parumper
889 3427 897 3482 ;

106 3512 148 3569 ut
170 3503 273 3580 cessit,
297 3504 383 3568 facili
404 3513 581 3589 patuerunt
603 3505 729 3570 cardine
751 3507 862 3571 valvae
873 3530 881 3586 ;

106 3606 232 3672 exclusi
254 3615 403 3692 spectant
425 3608 566 3673 admissa
588 3609 718 3674 obsonia
739 3619 854 3695 patres.

51 3711 91 3794 ⁶5
104 3713 175 3776 itur
197 3711 239 3775 ad
260 3711 406 3779 Atriden.
428 3722 500 3778 tum
523 3714 635 3778 Picens
660 3716 802 3801 ‘accipe’
824 3716 915 3794 dixit,

51 3848 75 3858 ·’
100 3827 253 3916 ‘privatis
264 3825 386 3891 maiora
407 3827 492 3905 focis,
515 3828 650 3914 genialis
672 3837 787 3916 agatur
