2550 4266
553 173 647 249 ΧΙΙ1
907 177 911 185 ’
1080 204 1126 278 59

10 362 54 419 [ο
70 345 101 412 si
126 370 177 413 res
200 346 308 431 ampla
331 347 417 411 domi
441 342 617 432 similisque
641 347 819 411 adfectibus
846 357 937 426 esset,

69 451 225 538 pinguior
245 451 398 536 Hispulla
420 450 602 516 traheretur
625 459 736 516 taurus
759 459 792 514 et
816 453 885 536 ipsa

72 556 158 620 mole
183 557 283 642 piger,
308 578 367 621 nee
389 555 530 620 finitima
554 557 697 623 nutritus
720 557 755 620 in
781 557 881 622 herba

68 661 160 726 laeta
183 671 232 727 set
258 663 429 730 ostendens
455 662 612 728 Clitumni
636 686 754 749 pascua
777 665 906 749 sanguis

68 763 134 828 iret
157 773 191 829 et
216 789 237 830 a
259 766 373 851 grandi
397 767 505 830 cervix
525 767 669 832 ferienda
694 765 848 845 ministre,

10 885 50 954 [5
68 869 111 932 ob
134 869 276 933 reditum
301 869 494 957 trepidantis
520 870 625 934 adhuc
650 871 873 956 horrendaque
896 871 982 958 passi

66 995 174 1057 nuper
198 981 231 1038 et
255 974 450 1040 incolumem
476 997 545 1040 sese
569 975 717 1039 mirantis
743 977 846 1041 amici.

66 1100 146 1142 nam
169 1088 297 1163 praeter
320 1080 427 1166 pelagi
451 1102 541 1145 casus
567 1089 601 1145 et
624 1080 768 1146 fulminis
793 1082 876 1147 ictus

66 1182 179 1248 evasit.
219 1183 336 1248 densae
363 1184 488 1250 caelum
511 1183 704 1248 abscondere
731 1187 883 1250 tenebrae

65 1285 155 1350 nube
179 1308 246 1350 una
270 1287 460 1372 subitusque
483 1296 654 1351 antemnas
677 1287 808 1372 impulit
830 1287 922 1373 ignis,

10 1411 142 1460 iocum
165 1391 350 1478 aequisque
374 1392 429 1456 illo
453 1414 640 1478 percussum
666 1391 809 1457 crederet
834 1401 868 1456 et
893 1413 968 1456 mox

63 1495 225 1559 attonitus
247 1497 374 1561 nullum
400 1484 535 1562 conferri
561 1519 653 1583 posse
678 1505 808 1583 putaret

63 1599 271 1684 naufragium
295 1600 374 1666 velis
398 1601 594 1666 ardentibus.
641 1600 748 1664 omnia
773 1598 857 1664 fiunt

62 1703 152 1781 talia,
178 1712 247 1768 tam
269 1704 419 1788 graviter,
447 1703 627 1791 siquando
654 1703 780 1788 poetica
805 1701 907 1786 surgit

63 1817 248 1895 tempestas.
292 1832 393 1894 genus
419 1831 490 1874 eece
516 1807 604 1872 aliud
629 1805 820 1871 discriminis
845 1805 921 1869 audi

10 1937 48 2006 25
63 1910 99 1980 et
124 1917 274 1982 miserere
298 1920 426 1994 iterum,
454 1932 652 2004 quamquam
676 1914 741 1978 sint
765 1920 870 1977 cetera
895 1910 988 1974 sortis

63 2019 208 2084 eiusdem
231 2044 304 2107 pars
327 2021 397 2086 dira
420 2021 559 2105 quidem,
576 2019 632 2083 sed
658 2017 787 2103 cognita
810 2015 921 2080 multis

62 2132 98 2188 et
122 2147 220 2210 quam
245 2126 354 2190 votiva
379 2133 541 2190 testantur
567 2123 642 2187 fana
664 2121 785 2186 tabella

61 2228 221 2312 plurima;
251 2229 388 2313 pictores
414 2229 485 2313 quis
509 2227 611 2292 nescit
634 2226 675 2290 ab
702 2224 788 2288 Iside
813 2221 923 2308 pascit

65 2330 194 2416 [accidit
219 2340 253 2397 et
272 2340 381 2397 nostro
401 2331 513 2396 similis
537 2332 667 2395 fortuna
690 2328 840 2412 Catulle]

10 2459 47 2524 30
62 2455 137 2497 cum
162 2434 276 2520 plenus
302 2435 403 2500 fluctu
427 2431 564 2499 medius
578 2435 661 2498 foret
683 2434 793 2498 alveus
818 2440 850 2495 et
873 2430 939 2494 iam

62 2536 223 2601 alternum
248 2537 367 2624 puppis
391 2538 476 2602 latus
501 2538 720 2603 evertentibus
744 2536 840 2600 undis

61 2640 167 2703 arbori
190 2641 329 2705 incertae
354 2642 477 2705 nullam
502 2641 675 2727 prudentia
701 2639 773 2705 cani

60 2745 190 2809 rectoris
216 2746 373 2810 conferret
399 2768 501 2831 opem,
531 2744 676 2810 decidere
699 2744 787 2809 iactu

60 2848 166 2933 coepit
192 2871 266 2912 cum
289 2848 403 2925 ventis,
431 2849 577 2915 imitatus
601 2856 732 2925 castora,
756 2847 813 2933 qui
838 2869 872 2912 se

10 2975 44 3045 35
60 2951 244 3015 eunuchum
268 2951 337 3036 ipse
363 2951 448 3028 facit,
473 2952 605 3037 cupiens
632 2951 766 3016 evadere
790 2952 908 3016 damno

59 3057 220 3122 testiculi:
245 3059 325 3122 adeo
348 3057 546 3122 medicatum
571 3056 732 3140 intellegit
758 3056 885 3140 inguen

59 3160 212 3237 ‘fundite
238 3184 320 3246 quae
344 3183 417 3225 mea
442 3158 538 3240 sunt‚'
562 3159 697 3234 dicebat,
723 3158 872 3234 ‘cuncta'
897 3157 1052 3234 Catullus,

57 3264 269 3350 praecipitare
294 3266 403 3330 volens
430 3263 530 3329 etiam
555 3262 778 3348 pulcherrima,
803 3270 927 3325 vestem

57 3392 263 3455 purpuream,
288 3369 409 3435 teneris
433 3388 560 3454 quoque
583 3365 824 3430 Maecenatibus
850 3373 969 3448 aptam,

10 3495 44 3563 io
57 3481 156 3559 atque
179 3474 267 3551 alias,
294 3496 430 3560 quarum
454 3470 598 3557 generosi
619 3469 774 3555 graminis
797 3469 903 3556 ipsum

57 3578 169 3642 infecit
192 3585 310 3642 natura
331 3598 438 3662 pecus,
462 3575 517 3640 sed
542 3581 576 3638 et
599 3572 745 3659 egregius
767 3573 838 3636 fons

55 3682 176 3747 viribus
203 3680 334 3747 occultis
359 3687 392 3748 et
416 3678 565 3743 Baeticus
589 3677 721 3741 adiuvat
745 3698 808 3740 aer.

53 3779 110 3845 ille
134 3802 193 3845 nec
216 3786 388 3866 argentum
411 3777 584 3843 dubitabat
607 3775 745 3853 mittere,
767 3774 873 3841 lances
