2550 4266
142 176 144 183 ·
173 142 230 240 {36
645 141 760 226 :tuti

181 324 311 410 respice,
336 320 416 410 quid
437 334 592 391 moneant
615 325 710 412 leges,
737 322 815 412 quid
839 326 928 392 ouria
951 328 1092 408 mandet,

181 429 324 513 praemia
347 439 469 514 quanta
492 431 590 494 bonos
611 440 772 506 maneant,
801 453 898 516 quam
924 433 1058 498 fulmine
1082 435 1172 501 iusto
1198 463 1201 488 2

182 542 215 598 et
238 535 354 620 Capito
377 545 410 599 et
432 536 591 600 Numitor·
603 537 727 601 ruerint
760 536 935 604 damnante
960 546 1083 614 senatu,

181 638 303 723 piratae
328 639 471 704 Cilicum.
517 639 572 703 sed
599 639 677 725 quid
703 640 867 702 damnatio
889 640 1035 707 conferti

180 763 254 805 oum
277 743 380 811 Pansa
395 743 529 828 eripiat,
556 743 712 828 quidquid
735 742 797 807 tibi
821 743 923 806 Natta
948 743 1088 828 reliquit,
1247 761 1269 832 9,

179 865 375 928 praeconem,
402 846 589 932 Chaerippo,
613 845 679 909 tuis
704 845 909 930 circumspice
932 848 1055 931 pannis,

179 945 308 1031 iamque
332 957 403 1013 tace
410 975 418 1029 ;
446 950 533 1014 furor
556 958 605 1014 est
624 957 696 1035 post
723 950 831 1014 omnia
853 951 987 1034 perdere
1012 951 1142 1018 naulon.

178 1072 244 1114 non
267 1051 354 1115 idem
378 1054 518 1138 gemitus
545 1054 622 1117 olim
645 1075 751 1139 neque
773 1054 890 1116 vulnus
915 1062 982 1117 erat
1005 1077 1064 1139 par

179 1153 369 1219 damnorum
391 1157 483 1221 sociis
500 1157 688 1221 florentibus
710 1165 744 1220 11
769 1156 864 1220 modo
888 1158 988 1222 victis.

178 1259 274 1344 plena
300 1262 412 1326 domus
438 1270 516 1325 tunc
542 1263 652 1337 omnis,
679 1271 712 1326 et
735 1262 848 1346 ingens
872 1263 979 1326 stabat
999 1281 1129 1326 acervos
1247 1295 1269 1344 ῃ

177 1383 391 1441 nummorum,
413 1351 574 1449 Spartana
596 1364 746 1447 chlamys,
769 1363 935 1446 conchylia
957 1362 1030 1440 Coa,

177 1472 212 1529 et
230 1455 465 1531 cum‹'Pairasii
484 1467 603 1530 tabulis
625 1467 788 1552 signisque
810 1467 951 1550 Myronis

176 1566 366 1633 Phidiacum
387 1571 517 1634 vivebat
539 1571 626 1649 ebur,
649 1593 794 1635 necnon
817 1568 965 1654 Polycliti

176 1674 302 1737 multus
320 1674 441 1758 ubique
462 1674 559 1752 labor,
582 1697 671 1738 rarae
688 1674 763 1738 sine
785 1675 931 1737 Mentore
953 1695 1092 1740 mensae.

175 1776 252 1840 in'de
273 1776 459 1840 Dolabellae
482 1786 579 1862 atque
601 1778 675 1841 hino
697 1777 866 1852 Antonine,
890 1777 965 1841 inde
1249 1799 1266 1851 1

176 1881 353 1965 sacrilegus
368 1881 484 1945 Verres
505 1882 687 1946 referebant
707 1881 844 1945 navibus
867 1881 940 1944 altis
1227 1886 1229 1890 ’

176 1985 299 2049 occulta
321 1985 422 2070 spolia
441 1991 477 2048 et
499 1985 605 2070 plures
627 1985 668 2048 de
689 2006 767 2070 pace
789 1984 978 2068 triumphos.

174 2110 261 2152 nuno
283 2089 376 2153 sociis
398 2089 474 2174 iuga
495 2111 598 2174 pauca
619 2089 727 2164 boum,
750 2109 827 2172 grex
849 2109 967 2172 parvus
989 2107 1145 2173 equarum

174 2200 209 2257 et
229 2200 322 2278 pater
342 2194 481 2257 armenti
502 2201 599 2278 capto
620 2191 775 2277 eripiatur
795 2191 906 2275 agello,

173 2294 373 2381 ipsi-delude
395 2297 483 2373 lares,
507 2297 534 2360 si
556 2295 642 2382 quod
664 2295 835 2380 spectabile
857 2295 991 2380 signum.
1183 2349 1186 2354 ,
1249 2303 1265 2351 1

177 2398 216 2482 [si
238 2399 310 2483 quis
331 2399 366 2461 in
388 2398 533 2462 aedicula
550 2398 629 2462 deus
650 2397 772 2462 unicus.
815 2396 894 2460 haec
916 2397 1037 2461 etenim
1059 2405 1135 2462 sunt

173 2523 230 2586 pro
252 2501 492 2578 summis,·'nam
514 2509 590 2565 sunt
612 2501 692 2565 haec
713 2499 860 2564 maxima
902 2500 1055 2584 despicias
1069 2500 1122 2585 tu]

173 2603 306 2667 forsitan
328 2603 453 2667 inbellis
475 2603 616 2667 Rhodios
637 2611 833 2686 unctamque
857 2601 1035 2668 Corinthon

173 2707 327 2792 despicias
349 2707 483 2786 merit03
506 2707 583 2791 quid
604 2707 746 2770 resinata
765 2706 917 2770 iuventus

172 2831 327 2894 cruraque
349 2808 448 2873 totius
470 2809 589 2872 facient
611 2809 673 2872 tibi
694 2808 779 2873 levia
798 2809 927 2894 gentis?

101 2913 103 2917 ’
172 2912 300 2976 horrida
321 2910 454 2976 vitanda
477 2919 525 2976 est
548 2911 716 2997 Hispania,
741 2911 880 2976 Gallicus
902 2912 971 2976 axis

172 3009 400 3098 Illyricumque
421 3014 521 3094 latus;
549 3035 644 3098 parce
666 3020 700 3076 et
721 3013 912 3077 messoribus
934 3013 1005 3092 illis,

173 3118 229 3203 qui
250 3126 396 3182 saturant
417 3118 531 3181 urbem
553 3117 634 3181 circo
657 3139 832 3202 scenaeque
854 3125 1029 3182 vacantem.

173 3229 294 3306 quanta
317 3229 427 3285 autem
444 3220 520 3284 inde
543 3220 624 3284 feres
647 3228 717 3284 tarn
739 3218 827 3285 dirae
843 3221 988 3306 praemia
1006 3220 1128 3308 culpae,

110 3409 113 3415 .
171 3348 246 3390 curn
268 3335 382 3390 tenues
404 3346 508 3409 nuper
530 3323 653 3386 Marius
674 3323 860 3388 discinxerit
882 3324 999 3389 Afros?
1240 3359 1269 3408 1:

172 3429 348 3494 curandum
370 3428 404 3491 in
425 3426 545 3512 primis,
568 3449 610 3491 ne
632 3449 750 3512 magna
771 3426 889 3490 iniuria
909 3427 967 3491 fiat

171 3532 306 3596 fortibus
327 3538 360 3595 et
382 3529 512 3594 miseris.
554 3529 647 3594 tollas
668 3530 745 3594 licet
767 3551 861 3593 omne
883 3529 968 3615 quod
989 3551 1126 3615 usquam
1149 3545 1200 3601 est

171 3635 241 3699 auri
263 3631 360 3720 atque
382 3634 516 3720 argenti,
540 3641 667 3699 scutum
689 3634 898 3721 gladiumque
920 3634 1088 3719 relinques.

173 3736 221 3824 [et
241 3736 382 3802 iaculum
404 3747 438 3804 11
454 3738 599 3826 galeam:
630 3737 774 3826 spoliatis
798 3759 889 3802 arma
911 3739 1106 3826 supersunt]
