2550 4266
114 206 168 291 40⁶,

115 371 272 437 maiorum
293 372 417 458 effigies
442 368 585 440 babeant
608 373 747 459 insignia
771 375 863 454 vocis,
908 411 911 418 ·
951 394 957 403 ‘

90 484 189 552 ‚ante
215 477 313 562 pedes
335 476 459 541 Domiti
482 477 615 561 longum
641 486 679 542 tu
704 499 787 562 pone
813 479 972 564 Thyestae

114 567 228 664 syrma
242 580 293 643 vel
315 580 498 664 Antigonae
525 602 581 645 seu
605 603 773 666 personam
798 582 1006 668 Menalippes

115 691 148 746 et
173 683 213 747 de
234 704 412 746 marmoreo
433 683 770 770 eitharamsuspende
796 686 924 750 colosso.

115 784 200 868 quid,
225 783 374 860 Catilina,
401 783 467 847 tuis
491 784 653 848 natalibus
677 793 775 870 atque
798 785 935 871 Cethegi

113 886 257 950 inveniet
280 885 449 971 quisquam
475 887 661 952 sublimius?
686 911 776 952 arma
798 897 909 954 tamen
936 913 992 954 vos

114 999 269 1054 nocturna
295 998 328 1053 et
353 990 499 1054 flammas
526 991 672 1056 domibus
696 993 890 1078 templisque
913 993 1043 1079 paratis,

113 1101 151 1156 ut
176 1093 384 1158 Bracatorum
406 1094 499 1179 pueri
523 1094 752 1182 Senonumque
779 1096 926 1174 minores,

113 1196 183 1259 ausi
207 1190 293 1281 quod
316 1196 412 1261 liceat
435 1198 546 1262 tunica
570 1199 685 1283 punire
711 1200 854 1265 molesta

113 1298 169 1362 sed
192 1299 304 1384 vigilat
328 1299 438 1364 consul
463 1300 644 1384 vexillaque
667 1309 774 1365 vestra
797 1309 927 1368 coercet.

111 1401 165 1466 hio
188 1423 288 1466 novus
313 1403 459 1488 Arpinas,
483 1403 633 1488 ignobilis
659 1413 693 1469 et
717 1405 812 1469 modo
838 1406 960 1469 Romae

112 1506 313 1592 municipalis
340 1529 446 1592 eques
469 1507 633 1592 galeatum
652 1508 746 1595 ponit
772 1509 892 1594 ubique

111 1609 306 1694 praesidium
330 1611 476 1675 attonitis
503 1619 536 1675 et
558 1611 593 1674 in
618 1611 707 1676 omui
729 1620 839 1676 monte
862 1597 993 1680 laborat.

110 1721 240 1778 tantum
265 1714 365 1799 igitur
387 1735 494 1778 muros
520 1714 607 1778 intra
629 1723 705 1800 toga
730 1715 867 1779 eontulit
891 1715 941 1780 illi

111 1816 248 1880 nominis
274 1815 434 1894 ao‘tituli,
467 1825 625 1902 quantum
647 1817 703 1881 vix
728 1817 885 1898 Leucade,
914 1825 1075 1904 quantum

111 1921 291 1985 Thessaliae
315 1920 436 2005 campis
460 1919 612 1986 Octavius
638 1920 772 1984 abstulit
795 1919 859 1984 udo

111 2023 260 2106 oaedibus
286 2023 420 2088 assiduis
443 2023 568 2108 gladi03
592 2031 641 2086 set
663 2024 767 2086 Roma
788 2032 962 2107 parentem,

110 2127 215 2206 Roma
238 2134 364 2212 patrem
388 2126 513 2211 patriae
537 2125 724 2190 Ciceronem
747 2126 849 2190 libera
873 2126 963 2192 dixit.

109 2228 248 2314 Arpinas
271 2229 352 2293 alius
373 2228 562 2293 Volscorum
586 2229 622 2293 in
644 2238 755 2294 monte
778 2229 899 2295 solebat

109 2352 238 2417 poscere
263 2331 432 2410 mercedes
459 2331 565 2395 alieno
587 2330 689 2395 lassus
709 2320 833 2412 ‘aratm3

109 2436 262 2526 nodosam
288 2443 361 2521 post
386 2435 464 2499 haec
486 2434 655 2519 frangebat
679 2435 798 2500 vertice
824 2434 933 2512 vitem,

109 2540 137 2604 si
159 2540 267 2603 lentus
290 2539 382 2623 pigra
400 2538 544 2603 muniret
566 2548 669 2604 eastra
692 2538 842 2603 dolabra:

9 2629 15 2637 ’
108 2642 161 2706 hic
184 2650 294 2706 tamen
321 2648 353 2706 et
378 2641 525 2706 Gimbros
549 2650 583 2707 et
606 2664 733 2706 summa
755 2641 897 2726 pericula
920 2663 1029 2706 rerum

108 2748 234 2832 exeipit,
256 2755 289 2811 et
312 2747 399 2810 solus
420 2745 638 2830 trepidantem
660 2746 800 2831 protegit
825 2746 947 2824 urbem,

71 2847 75 2857 '
108 2861 206 2937 atque
228 2850 307 2926 ideo,
331 2858 503 2935 postquam
525 2849 566 2914 ad
589 2849 734 2914 Cimbros
756 2857 960 2935 stragemque
983 2848 1141 2916 volabant

108 2956 164 3041 qui
188 2975 365 3038 numquam
387 2952 561 3036 attigerant
584 2952 705 3016 maiora
730 2952 885 3016 cadavera
908 2951 1015 3044 oorvi,⁸

106 3058 222 3123 nobilis
248 3066 380 3140 ornatur
401 3057 491 3121 lauro
516 3056 638 3140 collega
661 3055 808 3121 secunda

106 3160 251 3246 plebeiae
275 3159 446 3223 Deciorum
471 3159 606 3236 animae,
629 3158 757 3243 plebeia
778 3159 910 3223 fuerunt

107 3264 256 3328 nomina:
279 3284 335 3348 pro
358 3263 435 3326 totis
457 3261 637 3346 legionibus
659 3260 694 3323 hi
716 3269 827 3325 tamen
849 3269 883 3324 et
904 3281 961 3344 pro

107 3367 255 3432 omnibus
277 3367 404 3431 auxiliis
426 3374 524 3452 atque
547 3365 635 3430 omni
656 3365 743 3450 pube
766 3363 883 3428 Latina

106 3469 267 3535 sufficiunt
289 3470 337 3534 dis
360 3469 492 3533 insemis
514 3476 682 3552 terraeque
705 3467 851 3552 parenti;

105 3573 205 3660 pluris
227 3572 315 3637 enim
336 3572 436 3648 Decii,
461 3594 558 3657 quam
581 3593 663 3657 quae
686 3578 854 3635 servantur
875 3571 916 3634 ab
938 3559 1008 3634 illis.

105 3677 221 3743 ancilla
243 3685 338 3740 natus
363 3676 508 3740 trabeam
531 3683 565 3739 et
587 3674 736 3738 diadema
758 3671 885 3753 Quirini

105 3791 139 3848 et
161 3781 260 3846 fasces
281 3778 400 3847 meruit
421 3799 534 3865 regum
556 3776 689 3842 ultimus
711 3773 765 3843 ille
787 3775 962 3841 bonorum:
