2550 4266
125 174 171 245 74
305 181 310 187 ·
595 155 702 232 XIV

121 342 311 407 hesternum
337 340 450 404 solitus
476 339 584 404 medio
611 364 737 407 servare
762 343 903 410 minutal
1055 427 1058 433 Ι

103 445 311 531 Septembri,
338 467 397 508 nec
422 466 487 509 non
511 443 638 508 differre
660 447 695 509 in
721 455 868 532 tempora
890 471 989 516 cenae

118 550 251 614 alterius
274 547 428 614 conchem
453 547 567 612 aestivi
590 571 664 613 cum
689 559 780 634 parte
803 551 917 617 lacerti

119 656 280 740 signatam
303 653 355 716 vel
378 651 512 716 dimidio
537 653 689 737 putrique
716 653 823 731 silure,

117 758 236 843 filaque
260 755 371 820 sectivi
393 764 564 837 numerata
587 755 750 821 includere
773 758 874 843 porri:

118 864 273 928 invitatus
298 862 339 925 ad
364 861 443 926 haec
468 861 585 946 aliquis
612 861 652 926 de
677 863 776 947 ponte
801 864 942 948 negabit

118 970 173 1033 sed
198 992 260 1053 quo
285 967 414 1032 divitias
437 967 516 1030 haec
540 987 598 1050 per
620 973 783 1031 tormenta
806 977 938 1050 coactas,

118 1093 191 1135 cum
215 1072 302 1135 furor
328 1071 408 1134 haut
428 1068 554 1145 dubius,
581 1091 655 1132 cum
679 1069 722 1132 sit
745 1070 919 1134 manifesta
941 1071 1108 1157 phrenesis,

117 1184 154 1239 ut
180 1175 319 1259 locuples
345 1172 498 1248 moriaris,
524 1171 648 1257 egentis
672 1172 781 1236 vivere
805 1173 894 1238 fato?

117 1280 239 1342 interea
262 1279 357 1363 pleno
382 1299 456 1341 cum
482 1285 590 1360 turget
616 1277 760 1340 sacculus
784 1299 846 1357 ore,

115 1383 226 1445 crescit
250 1403 339 1444 amor
365 1379 499 1456 nummi,
527 1389 686 1464 quantum
711 1381 782 1466 ipse,
800 1383 938 1468 pecunia
960 1386 1069 1464 crevit,

115 1492 148 1547 et
175 1485 282 1547 minus
307 1484 390 1546 hanc
414 1491 505 1566 optat
530 1482 586 1566 qui
609 1504 675 1546 non
698 1483 805 1549 habet.
850 1508 925 1571 crgo
948 1498 1081 1574 paratur

115 1590 217 1653 altera
244 1587 414 1662 villariis,
443 1609 517 1650 cum
543 1610 596 1651 rus
623 1611 688 1652 non
714 1590 832 1656 sufficit
857 1616 969 1673 unum,
1060 1594 1068 1609 ⁰

114 1702 148 1755 et
173 1693 311 1777 proferre
336 1690 416 1753 libet
441 1689 527 1762 fines,
551 1690 716 1775 maiorque
742 1693 871 1759 videtur

114 1807 146 1860 et
172 1798 286 1861 melior
312 1796 418 1860 vicina
442 1817 545 1879 seges:
574 1795 723 1859 mercaris
748 1805 782 1861 et
805 1799 888 1864 hanc
915 1808 948 1866 et

113 1903 244 1965 arbusta
267 1910 300 1966 et
326 1901 426 1964 densa
449 1908 593 1964 montem
618 1901 675 1985 qui
698 1910 792 1966 canet
818 1904 909 1970 olive

113 2031 248 2092 quorum
271 2009 298 2071 si
319 2008 424 2092 pretio
447 2007 593 2070 dominus
616 2029 680 2070 non
702 2007 842 2073 vincitur
863 2010 938 2087 ullo,

111 2124 205 2179 nocte
224 2116 321 2180 boves
347 2113 446 2177 mac'ri
467 2115 613 2197 lassoque
638 2113 787 2202 famelica
809 2116 889 2181 collo
992 2104 995 2110 ¹

111 2222 257 2286 iumenta
278 2222 320 2286 ad
342 2221 459 2285 virides
482 2219 579 2283 huius
603 2219 776 2284 mittentur
796 2221 917 2299 aristas,

111 2348 170 2389 nec
194 2325 282 2410 prius
306 2325 381 2388 inde
407 2324 541 2388 domum
568 2346 665 2408 quam
691 2331 762 2388 totu
785 2324 911 2388 novalia
937 2347 1048 2390 suevos

110 2428 144 2490 in
166 2437 293 2492 ventres
319 2428 445 2502 abeunt,
470 2435 508 2489 ut
532 2426 640 2489 credas
666 2426 800 2490 falcibus
823 2435 960 2520 actum„⁸

110 2533 214 2598 dicere
238 2533 293 2596 vix
316 2532 416 2619 possis
440 2553 537 2616 quam
561 2531 659 2595 multi
683 2530 764 2595 talia
788 2531 917 2616 plorent

109 2651 142 2704 et
169 2650 247 2726 quot
271 2642 399 2705 venales
419 2639 538 2702 iniuria
561 2638 672 2703 fecerit
699 2660 797 2722 agros

109 2745 164 2808 sed
188 2746 244 2831 qui
268 2766 436 2820 sermones
464 2765 562 2828 quam
587 2742 699 2806 foedae
723 2743 840 2806 bucina
863 2743 985 2808 famae!

110 2849 205 2932 ‘quid
230 2858 324 2913 nocet
347 2849 454 2913 haecl’
484 2847 591 2932 inquit
617 2846 777 2911 ‘tunicam
800 2848 882 2912 mihi
905 2849 990 2913 malo
1018 2848 1129 2933 lupini,

108 2974 205 3034 quam
230 2951 257 3014 si
283 2974 335 3015 me
359 2959 428 3015 toto
449 2950 560 3014 laudet
585 2949 703 3013 vicinio
728 2971 810 3034 pago

108 3054 215 3138 exigui
240 3056 322 3119 ruris
348 3055 542 3140 paucissima
565 3055 649 3119 farra
672 3055 851 3120 secantem?

107 3158 226 3222 scilicet
250 3169 283 3222 et
309 3160 427 3223 morbis
451 3168 485 3223 et
509 3159 677 3224 debilitate
704 3160 834 3238 carebis

106 3269 139 3324 et
162 3262 287 3325 luctum
312 3272 345 3326 et
372 3284 480 3326 curam
505 3263 646 3346 effugies,
672 3271 706 3326 et
730 3270 876 3347 tempora
897 3261 984 3327 vitae

106 3367 201 3450 longa
225 3367 286 3430 tibi
309 3367 441 3453 posthac
468 3367 534 3431 fato
558 3367 690 3431 meliore
717 3366 889 3443 dabuntur,
949 3405 951 3409 ,

105 3474 131 3536 si
155 3481 283 3538 tantum
307 3474 386 3538 culti
412 3473 496 3537 solus
522 3471 697 3558 possederis
721 3471 797 3556 agri,
910 3480 913 3487 '

105 3588 262 3664 quantum
286 3581 346 3644 sub
372 3579 464 3643 Tatio
486 3578 624 3665 populus
648 3577 813 3640 Romanus
838 3576 957 3641 arabat.

105 3707 179 3748 mox
206 3684 305 3748 etiam
330 3682 438 3747 fractis
463 3689 570 3745 aetate
596 3703 632 3744 ac
657 3679 779 3743 Punica
804 3679 906 3763 passis

103 3788 223 3873 proelia
245 3788 297 3852 vel
320 3788 458 3873 Pyrrum
483 3769 648 3849 inmanem
671 3783 860 3870 gladiosque
885 3783 1038 3848 Molossos
