2550 4266
612 215 653 292 X

126 418 269 461 summos
292 418 381 482 posse
403 393 486 460 viros
509 399 542 459 et
564 415 683 477 magna
704 394 852 479 exempla
873 395 1003 462 daturos

59 509 110 577 50
127 524 299 564 vervecum
322 501 356 564 in
377 500 483 586 patria
505 519 672 581 crassoque
695 498 756 561 sub
778 520 850 563 aere
872 500 967 567 nasci.

125 603 255 667 ridebat
278 625 376 678 curae,
400 623 545 666 necnon
568 608 601 664 et
623 598 743 684 gaudia
763 601 860 685 vulgi,

125 705 291 771 interdurn
315 715 348 771 et
371 705 524 780 lacrimas,
548 726 622 768 cum
644 704 791 767 fortunae
814 704 881 789 ipse
903 707 1021 770 minaci

125 810 295 875 mandaret
318 811 470 892 laqueum
491 808 700 892 mediumque
723 810 904 874 ostenderet
926 833 1075 894 unguem

176 913 261 997 Ergo
284 932 480 995 supervacua
501 921 558 976 aut
585 920 624 977 ut
647 914 823 999 perniciosa
846 921 1010 996 petuntur,

58 1037 108 1106 55
126 1026 259 1103 propter
281 1039 362 1102 quaa
386 1018 432 1079 fas
455 1027 504 1080 est
525 1038 632 1100 genua
654 1014 794 1079 incerare
818 1017 970 1080 deorumt

171 1119 334 1200 Quosdam
356 1119 547 1205 praecipitat
570 1118 714 1183 subiecta
734 1120 881 1205 potentia
902 1142 1037 1204 magnae

124 1223 275 1299 invidiae,
299 1223 416 1307 mergit
439 1222 534 1307 longa
556 1229 654 1306 atque
677 1221 811 1305 insignis
833 1222 988 1285 honorum

124 1326 250 1413 pagina
296 1326 496 1389 descendunt
518 1334 645 1390 statuae
667 1335 850 1412 restemque
873 1336 1060 1412 sequuntur,

124 1429 211 1516 ipsas
234 1430 349 1494 deinde
371 1439 457 1493 rotas
479 1430 626 1514 bigarum
648 1431 778 1515 inpacta
799 1431 915 1495 securis

56 1519 108 1591 60
125 1533 231 1598 caedit
254 1543 287 1598 et
310 1533 467 1598 inmeritis
490 1534 684 1618 franguntur
706 1556 797 1597 crura
820 1534 955 1599 caballia

123 1637 190 1702 iarn
212 1637 350 1702 strident
372 1637 470 1721 ignes,
494 1637 559 1700 iam
583 1636 712 1701 follibus
734 1646 832 1721 atque
856 1637 988 1701 caminis

123 1740 216 1805 ardet
238 1742 407 1805 adoratum
428 1740 548 1825 populo
571 1748 668 1825 caput
690 1748 724 1805 et
746 1750 856 1825 crepat
878 1742 990 1826 ingens

108 1844 278 1924 ,Seianum
303 1842 418 1908 deinde
442 1866 482 1906 ex
501 1843 581 1907 facie
603 1852 673 1908 toto
697 1845 771 1908 orbe
794 1844 933 1908 secunda

124 1947 209 2012 fiunt
232 1948 349 2011 urceoli
371 1948 481 2032 pelves
504 1957 630 2032 sartago
652 1947 809 2012 matellae.

57 2055 108 2144 65
124 2074 208 2137 pone
231 2051 319 2115 domi
340 2051 457 2127 laurus,
480 2051 542 2114 duo
565 2051 599 2113 in
622 2050 780 2136 Capitolia
801 2073 956 2137 magnum

96 2222 102 2232 ,
124 2161 349 2238 cretatumque
370 2152 495 2229 bovem,
518 2152 654 2217 Seianus
676 2153 806 2217 ducitur
828 2176 909 2218 unco

123 2255 325 2343 spectandus,
369 2255 512 2339 gaudent
535 2277 653 2320 omnes.
700 2261 795 2339 ‘quae
818 2257 915 2334 labra,
939 2257 1011 2343 quis
1032 2257 1080 2322 illi

122 2361 233 2433 vultus
256 2363 343 2422 erat!
366 2379 553 2443 numquam,
576 2357 603 2420 si
626 2357 704 2442 quid
727 2359 808 2421 mihi
831 2358 940 2436 credis,
965 2361 1071 2424 amavi

122 2465 211 2528 huno
232 2461 404 2527 hominem.
448 2460 504 2525 sed
526 2483 589 2545 quo
612 2463 727 2526 cecidit
750 2463 809 2526 sub
829 2463 983 2528 crimine?
1005 2465 1153 2548 quisnam

59 2579 108 2647 70
124 2567 269 2632 delatori
293 2567 408 2651 quibus
430 2565 563 2643 indiciis,
588 2588 652 2650 quo
674 2573 758 2631 teste
780 2567 956 2651 probavitl’

126 2673 200 2736 “nil
222 2672 346 2747 horum,
369 2670 502 2735 verbosa
523 2678 557 2734 et
579 2670 709 2754 grandis
732 2670 872 2755 epistula
893 2672 984 2735 venit

125 2799 146 2841 a
169 2774 325 2861 Capreis.”
368 2774 471 2838 ‘bene
494 2775 612 2854 habet;
636 2774 683 2838 nil
705 2775 778 2859 plus
801 2773 977 2858 interrogo?
1022 2775 1077 2839 sed
1100 2776 1177 2861 quid

124 2880 231 2945 turba*
245 2876 363 2942 Remi?
399 2877 543 2962 sequitur
566 2878 737 2955 fortunam,
761 2886 798 2940 ut
821 2899 954 2962 semper,
979 2885 1012 2942 et
1034 2879 1102 2943 odit

124 2984 315 3061 damnat0s;
337 2981 606 3067 idemtpopulus„
619 2982 647 3045 si
669 2981 786 3045 Nortia
808 2981 909 3045 Tusco

61 3098 108 3167 75
124 3089 264 3164 favisset,
287 3086 314 3151 si
337 3107 486 3171 oppressa
508 3085 590 3150 foret
612 3108 723 3149 secura
745 3095 891 3150 senectus

123 3191 286 3278 principis,
308 3189 369 3253 hac
391 3190 461 3274 ipsa
481 3189 637 3253 Seianum
660 3189 779 3252 diceret
801 3189 879 3252 hora

124 3296 318 3381 Augustum
363 3294 430 3358 iarn
452 3293 586 3379 pridem,
611 3315 651 3357 ex
672 3315 735 3378 quo
758 3293 910 3377 suffragia
931 3295 1013 3358 nulli

125 3400 303 3476 vendimus,
327 3397 442 3461 effudit
464 3419 577 3475 ouras;
600 3418 676 3459 narn
700 3397 755 3481 qui
777 3397 876 3461 dabat
898 3397 974 3461 olim

126 3503 300 3589 imperium
322 3503 421 3566 fasces
444 3501 587 3585 legiones
610 3500 726 3575 omnia,
749 3522 835 3564 nunc
857 3522 891 3564 se

61 3597 109 3666 80
126 3608 271 3673 continet
293 3615 391 3692 atque
414 3606 493 3669 duae
517 3613 647 3668 tanturn
668 3625 719 3667 res
741 3605 856 3667 anxius
880 3611 979 3689 optat,

127 3734 243 3798 panem
266 3719 299 3775 et
322 3711 483 3774 circenses,
530 3707 707 3793 ‘perituros
729 3707 825 3770 audio
848 3708 983 3772 multos?

128 3816 206 3881 “nil
228 3814 371 3892 dubium,
395 3827 517 3898 magna
535 3818 585 3876 est
606 3810 788 3889 fornacula3
809 3811 983 3896 pallidulus
1000 3810 1047 3876 mi
