2602 4282
125 182 172 274 46
633 177 674 258 x

124 356 254 420 additur
272 355 414 442 imperiis
436 354 604 439 Hispania,
629 353 829 439 Pyrenaeum

125 459 271 525 transilit.
317 459 464 544 opposuit
486 467 602 523 natura
623 458 805 542 Alpemque
827 459 1010 546 uirumque,

124 563 247 627 diducit
270 563 413 649 scopulos
436 571 469 626 at
492 572 637 627 montem
660 562 783 646 rumpit
804 571 902 629 aceto.

125 666 189 730 iam
211 675 302 730 tenet
325 665 463 740 Italiam,
486 673 596 729 tamen
618 663 706 730 ultra
726 687 857 750 pergere
879 667 993 734 tendit

126 769 268 845 ‘actum'
290 768 407 853 inquit,
431 768 530 832 ‘nihil
552 776 610 843 est,
633 767 696 833 uisi
718 767 824 832 Poeno
847 769 950 834 milite
971 778 1086 856 portas

124 872 299 956 frangimus
322 881 356 936 et
377 872 485 940 media
506 872 660 936 vexillum
681 893 765 956 pono
788 871 931 940 Subura’

124 999 143 1040 o
165 976 269 1060 qualis
291 975 387 1039 facies
410 984 443 1041 et
466 974 555 1058 quali
577 973 676 1058 digna
697 973 825 1051 tabella,

124 1099 200 1143 cum
234 1078 374 1143 Gaetula
406 1077 520 1141 ducem
542 1084 685 1162 portaret
707 1075 803 1142 belua
823 1077 968 1144 luscuml
1056 1126 1059 1142 .

123 1184 229 1247 exitus
251 1205 326 1267 ergo
348 1182 420 1267 quis
443 1185 514 1245 estl
535 1203 554 1244 o
575 1180 693 1265 gloria!
715 1181 855 1246 vincitur
876 1181 963 1246 idem

123 1308 239 1371 nempe
262 1295 295 1350 ct
317 1285 351 1348 iu
374 1285 507 1349 exilium
528 1306 680 1369 praecepa
701 1283 786 1369 fugit
808 1293 905 1368 atque
927 1284 974 1348 ibi
996 1307 1139 1371 magnus

39 1437 41 1442 -
122 1391 350 1474 mirandusque
373 1390 471 1453 cliens
494 1389 584 1452 sedet
607 1388 649 1452 ad
670 1387 832 1473 praetoria
853 1389 945 1473 regia,

122 1494 222 1558 donec
244 1494 386 1577 Bithyno
409 1493 509 1557 libeat
531 1492 664 1576 vigilare
687 1501 831 1576 tyranno.

121 1598 219 1660 finem
241 1596 375 1673 animae,
400 1618 482 1680 quae
504 1617 554 1658 res
576 1595 734 1659 humanas
755 1595 884 1660 miscuit
906 1596 991 1674 olim,

121 1723 186 1764 non
208 1699 316 1784 gladii,
340 1720 405 1763 non
428 1720 506 1761 saxa
528 1695 653 1760 dabunt
676 1697 830 1774 nectale,
853 1697 910 1762 sed
931 1699 985 1766 ille

122 1804 306 1868 Cannarum
326 1801 444 1865 vindex
466 1809 499 1865 et
521 1799 606 1863 tanti
627 1800 793 1885 sanguinis
815 1802 901 1865 ultor

121 1907 244 1970 anulus.
289 1905 301 1969 i
323 1905 455 1969 demens
478 1913 511 1969 et
534 1928 644 1970 saevas
666 1927 757 1969 curre
779 1926 837 1990 per
858 1906 966 1990 Alpes,

121 2019 159 2074 ut
180 2009 288 2095 pueris
310 2009 435 2094 placeas
457 2017 491 2072 et
514 2009 704 2073 declamatio
726 2009 803 2074 fias!

121 2136 204 2177 unus
228 2112 354 2176 Pellaeo
374 2113 485 2176 iuveni
507 2135 573 2176 non
595 2113 713 2178 sufficit
735 2113 827 2193 orbis,

121 2227 248 2283 aestuat
270 2217 382 2284 infelix
404 2228 541 2303 angusto
565 2218 669 2282 limite
691 2218 813 2295 mundi,

121 2329 158 2385 ut
181 2319 279 2404 Gyari
301 2309 426 2384 clausus
450 2321 587 2405 scopulis
609 2342 773 2405 parvaque
795 2321 951 2407 Seripho;

121 2446 194 2488 cum
216 2431 327 2487 tamen
348 2444 369 2486 a
390 2423 496 2506 figulis
518 2423 680 2491 munitam
702 2424 870 2489 intraverit
892 2425 1013 2504 urbem,

121 2527 314 2613 sarcophago
336 2535 508 2591 contentus
530 2526 599 2592 erit.
645 2550 730 2592 mors
753 2529 819 2592 sola
840 2529 968 2604 fatetur,

123 2631 278 2717 quantula
300 2630 364 2694 sint
385 2631 554 2694 homiuum
577 2632 770 2716 corpuscula
816 2633 957 2696 creditur
980 2632 1057 2697 olim

45 2767 47 2772 ·
122 2734 298 2797 velificatus
319 2733 423 2797 Athos
446 2742 480 2798 et
503 2733 661 2819 quidquid
685 2735 817 2800 Graecia
838 2736 977 2802 mendax

122 2837 220 2900 audet
242 2837 276 2899 iu
298 2836 440 2912 historia,
465 2846 664 2901 constratum
687 2838 839 2903 classibus
861 2839 964 2903 isdem

122 2939 386 3024 suppositumque
408 2939 486 3002 rotis
507 2939 646 3003 solidum
670 2963 765 3018 mare,
789 2942 948 3006 credimus
969 2941 1050 3007 altos

122 3042 272 3106 defecisse
295 3064 405 3106 amnes
428 3051 587 3127 epotaque
609 3043 744 3107 flumina
766 3043 862 3108 Medo

38 3187 41 3194 ·
121 3147 308 3233 prandente,
332 3155 364 3210 et
386 3147 522 3210 madidis
545 3156 654 3210 cantat
677 3170 759 3231 quaa
782 3148 946 3213 Sostratus
967 3148 1034 3215 alis

123 3250 176 3314 ille
198 3259 308 3313 tamen
331 3250 433 3334 qualis
455 3249 552 3313 rediit
575 3249 737 3314 Salamine
760 3251 879 3328 relicta,

122 3351 157 3414 in
180 3351 299 3417 Corum
320 3361 418 3435 atque
441 3351 564 3415 Eurum
588 3351 700 3415 solitus
722 3353 844 3417 saevire
866 3353 1000 3438 flagellis

122 3455 275 3519 barbarus
296 3454 408 3518 Aeolio
432 3477 610 3538 numquam
632 3455 691 3519 hoc
714 3456 748 3519 in
771 3479 893 3521 carcere
915 3479 1032 3541 passos,

123 3559 230 3644 ipsum
252 3558 458 3642 compedibus
482 3557 538 3642 qui
560 3557 708 3622 vinxerat
731 3559 1014 3646 Ennosigaeum-

123 3661 234 3726 mitius
263 3661 297 3726 id
327 3680 426 3744 sane,'
442 3661 528 3748 quod
556 3682 620 3725 non
644 3670 677 3726 et
700 3663 851 3748 stigmate
874 3664 1008 3748 dignum

123 3765 267 3843 credidit.
301 3764 376 3828 huic
399 3765 568 3850 quisquam
590 3764 688 3830 vellet
710 3769 827 3833 servire
849 3769 982 3834 deorum
994 3773 1046 3831 1-
