2550 4266
123 541 317 606 Carrinatils:
340 553 374 605 et
399 543 487 605 bunc
508 543 640 628 inopem
663 545 799 620 vidistis
820 547 984 623 Athenae,

122 646 169 708 nil
195 656 324 730 praeter
344 645 467 730 gelidas
490 669 587 709 anae
611 647 756 710 conferre
783 648 913 712 dmtaa

122 748 165 825 di,
191 751 350 812 maiorum
371 750 493 812 umbris
518 759 652 813 tenuem
674 760 709 814 et
737 751 809 814 m'ne
829 751 975 836 pontlere
1001 759 1123 816 terram

122 853 337 937 spirantisque
360 876 467 917 crocos
489 864 522 917 et
548 856 584 916 in
606 877 689 917 urna
711 865 907 940 perpetuum
934 879 1001 932 rer,

122 958 178 1040 qui
203 968 443 1042 praeceptorem
467 959 572 1021 sancti
599 959 730 1021 voluere
754 960 898 1043 parentis
1109 962 1113 969 '

122 1081 189 1121 cese
219 1060 307 1122 loco!
338 1070 486 1124 metuens
516 1062 626 1144 virgae
648 1062 715 1123 iam
732 1062 864 1145 grandia
890 1063 1039 1128 Achilles

122 1164 274 1226 cantabat
299 1165 413 1248 patriis
436 1166 471 1227 in
499 1165 665 1227 monubus
688 1174 721 1227 et
748 1166 800 1227 cui
823 1187 890 1228 non
914 1175 996 1230 tunc

122 1267 250 1330 eliceret
274 1270 375 1331 risum
398 1269 574 1332 citharoedi
598 1269 703 1331 cauda
723 1270 890 1353 magistri;

121 1370 176 1433 sed
198 1371 319 1435 Rufum
345 1384 444 1458 atque
468 1374 548 1436 alios
574 1373 679 1436 medit
702 1395 761 1435 sua
789 1395 952 1458 quemque
976 1374 1140 1450 iuventus¹

121 1470 253 1550 Rufum,
277 1497 375 1558 quem
398 1476 519 1538 totiens
546 1475 736 1539 Ciceronem
763 1474 938 1558 Allobroga
961 1474 1055 1539 dixit

208 1578 288 1657 Quis
311 1580 433 1662 gremio
456 1578 569 1643 Celadi
592 1578 743 1661 doctique
766 1577 970 1641 Palaemonis
992 1579 1101 1644 adfert
1186 1586 1229 1655 215

122 1694 280 1764 quantum
303 1683 533 1765 grammaticus
554 1682 674 1744 meruit
697 1681 804 1743 labori
826 1689 860 1744 et
885 1690 999 1745 tamen
1023 1704 1067 1746 ex
1091 1683 1155 1748 hoc

121 1782 345 1867 ‹puslmmque
368 1794 417 1847 cst
445 1785 566 1866 (minus
587 1793 635 1847 est
660 1792 771 1846 autem
795 1807 895 1868 quam
918 1784 1058 1849 rhetoris
1083 1790 1173 1870 aera)

121 1885 267 1970 discipuli
291 1898 398 1951 custos
418 1888 620 1972 praemordet
651 1897 893 1962 acoenonoetus,

120 2000 154 2052 ct
178 1990 233 2073 qui
260 1989 432 2074 dispensat,
456 1991 582 2076 franget
607 1992 678 2056 sibi
722 1991 809 2066 cede,
839 1991 1022 2067 Palaemon,

120 2103 153 2155 ct
179 2104 290 2176 patere
313 2093 388 2156 inde
412 2094 535 2178 aliquid
558 2095 747 2169 decrescere,
777 2116 843 2157 non
866 2093 962 2158 aliter
983 2116 1087 2179 quam
1191 2114 1240 2162 220

119 2196 249 2260 institor
265 2198 418 2261 hibernae
447 2197 564 2282 tegetis
587 2199 738 2283 niveique
761 2198 907 2262 cadurci:

120 2300 294 2365 dummodo
319 2324 384 2365 non
406 2312 527 2387 pereat,
550 2301 677 2365 mediae
700 2302 788 2387 quod
813 2303 916 2366 noctis
941 2303 984 2367 ab
1002 2302 1088 2369 hora

119 2403 238 2481 sedisti,
265 2427 330 2489 qua
352 2427 447 2468 nemo
472 2405 571 2480 saber,
597 2428 661 2489 qua
687 2427 783 2469 nemo
808 2405 941 2482 sederet,

120 2508 175 2592 qui
202 2506 293 2571 docet
318 2508 446 2592 obliquo
472 2508 581 2570 lanam
610 2508 767 2572 deducere
796 2508 900 2587 serro3

119 2610 293 2674 dommodo
318 2633 383 2674 non
404 2621 524 2696 pereat,
549 2611 688 2675 totidem
712 2611 856 2676 olfecisse
880 2613 1036 2687 lucernas,
1189 2631 1242 2694 225

120 2724 198 2799 0001
221 2714 352 2777 stabant
372 2716 473 2799 pueri,
504 2736 580 2777 cum
604 2722 693 2777 totus
718 2714 846 2778 decolor
869 2726 952 2780 esset

120 2818 252 2882 Flaccus
274 2829 307 2882 et
333 2818 480 2882 haereret
505 2818 597 2901 nigro
622 2818 723 2902 fuligo
747 2818 881 2884 Maroni

120 2944 193 2984 rata
217 2932 326 2985 tamen
350 2944 481 2997 meroes,
510 2943 593 3005 quae
620 2921 800 3006 cognitione
829 2922 954 2986 tribuni

120 3047 185 3089 11011
212 3033 312 3109 egeat,
357 3024 413 3088 sed
443 3047 498 3088 vos
520 3047 630 3088 saevas
658 3025 805 3109 inponite
831 3025 926 3112 leges,

120 3140 160 3192 ut
186 3130 384 3214 praeceptori
413 3129 584 3193 verborum
612 3129 723 3212 regula
752 3138 885 3205 constet,

120 3243 159 3295 ut
184 3234 270 3316 legat
293 3232 451 3309 historias,
481 3241 626 3296 auctores
651 3233 777 3297 noverit
803 3256 913 3298 omnes

126 3345 292 3420 tamquam
319 3358 444 3421 ungues
468 3336 650 3421 digitosque
676 3359 757 3413 suos,
785 3346 823 3401 ut
853 3338 935 3402 forte
960 3346 1099 3424 rogatus,

121 3440 199 3503 dum
224 3440 308 3524 petit
332 3449 390 3503 aut
418 3439 559 3503 thermas
585 3449 643 3504 aut
673 3439 796 3506 Phoebi
820 3442 943 3519 balnea,
968 3442 1054 3506 dicat

120 3542 278 3607 nutricem
304 3543 473 3623 Anchisae,
499 3565 618 3608 nomen
641 3537 845 3630 patriamque
870 3566 1025 3609 novercae

120 3644 318 3723 Anchemoli,
344 3646 430 3710 dicat
450 3655 529 3732 quot
551 3647 684 3712 Acestes
707 3646 824 3711 vixerit
853 3647 954 3723 annio,
1182 3660 1239 3731 235

120 3758 199 3836 quot
222 3748 345 3816 Siculas
374 3749 555 3839 Phrygibus
578 3751 646 3818 vini
675 3751 842 3818 donaverit
868 3772 972 3818 urnas
