<?xml version="1.0" encoding="UTF-8"?>
<!DOCTYPE html PUBLIC "-//W3C//DTD XHTML 1.0 Transitional//EN"
    "http://www.w3.org/TR/xhtml1/DTD/xhtml1-transitional.dtd">
<html xmlns="http://www.w3.org/1999/xhtml" xml:lang="en" lang="en">
 <head>
  <title>
</title>
<meta http-equiv="Content-Type" content="text/html;charset=utf-8" />
  <meta name='ocr-system' content='tesseract 3.04.00' />
  <meta name='ocr-capabilities' content='ocr_page ocr_carea ocr_par ocr_line ocrx_word'/>
</head>
<body>
  <div class='ocr_page' id='page_1' title='image "./thirteensatires00juvegoog_0087.png"; bbox 0 0 2550 4266; ppageno 0'>
   <div class='ocr_carea' id='block_1_1' title="bbox 108 118 684 252">
    <p class='ocr_par' dir='ltr' id='par_1_1' title="bbox 108 118 684 252">
     <span class='ocr_line' id='line_1_1' title="bbox 108 118 684 252; baseline -0.007 -20"><span class='ocrx_word' id='word_1_1' title='bbox 108 118 153 252; x_wconf 64' lang='lat'>7&#39;6</span> <span class='ocrx_word' id='word_1_2' title='bbox 580 153 684 229; x_wconf 78' lang='lat' dir='ltr'>xiv</span> 
     </span>
    </p>
   </div>
   <div class='ocr_carea' id='block_1_2' title="bbox 104 340 1116 3824">
    <p class='ocr_par' dir='ltr' id='par_1_2' title="bbox 105 340 978 533">
     <span class='ocr_line' id='line_1_2' title="bbox 105 340 978 427; baseline 0.003 -22"><span class='ocrx_word' id='word_1_3' title='bbox 105 350 143 406; x_wconf 87' lang='lat' dir='ltr'>ut</span> <span class='ocrx_word' id='word_1_4' title='bbox 164 342 357 427; x_wconf 79' lang='lat' dir='ltr'>locupletem</span> <span class='ocrx_word' id='word_1_5' title='bbox 381 340 522 426; x_wconf 87' lang='lat' dir='ltr'><strong>aquilam</strong></span> <span class='ocrx_word' id='word_1_6' title='bbox 546 342 607 406; x_wconf 91' lang='lat' dir='ltr'>tibi</span> <span class='ocrx_word' id='word_1_7' title='bbox 631 340 848 427; x_wconf 81' lang='lat' dir='ltr'>sexagesimus</span> <span class='ocrx_word' id='word_1_8' title='bbox 874 366 978 408; x_wconf 88' lang='lat' dir='ltr'>annus</span> 
     </span>
     <span class='ocr_line' id='line_1_3' title="bbox 105 447 933 533; baseline -0.002 -21"><span class='ocrx_word' id='word_1_9' title='bbox 105 449 248 529; x_wconf 81' lang='lat' dir='ltr'>adferat3</span> <span class='ocrx_word' id='word_1_10' title='bbox 271 457 337 526; x_wconf 87' lang='lat' dir='ltr'>aut,</span> <span class='ocrx_word' id='word_1_11' title='bbox 364 448 474 533; x_wconf 87' lang='lat' dir='ltr'>longos</span> <span class='ocrx_word' id='word_1_12' title='bbox 498 456 674 511; x_wconf 83' lang='lat' dir='ltr'>castromm</span> <span class='ocrx_word' id='word_1_13' title='bbox 699 447 783 511; x_wconf 83' lang='lat' dir='ltr'>ferre</span> <span class='ocrx_word' id='word_1_14' title='bbox 808 447 933 510; x_wconf 86' lang='lat' dir='ltr'>labores</span> 
     </span>
    </p>

    <p class='ocr_par' dir='ltr' id='par_1_3' title="bbox 105 550 1048 844">
     <span class='ocr_line' id='line_1_4' title="bbox 105 550 1048 637; baseline -0.002 -23"><span class='ocrx_word' id='word_1_15' title='bbox 105 552 132 615; x_wconf 89' lang='lat' dir='ltr'>si</span> <span class='ocrx_word' id='word_1_16' title='bbox 155 553 246 637; x_wconf 86' lang='lat' dir='ltr'>piget</span> <span class='ocrx_word' id='word_1_17' title='bbox 272 560 305 614; x_wconf 93' lang='lat' dir='ltr'>et</span> <span class='ocrx_word' id='word_1_18' title='bbox 328 551 492 635; x_wconf 87' lang='lat' dir='ltr'>trepidum</span> <span class='ocrx_word' id='word_1_19' title='bbox 518 551 646 615; x_wconf 86' lang='lat' dir='ltr'>solvunt</span> <span class='ocrx_word' id='word_1_20' title='bbox 668 550 731 615; x_wconf 88' lang='lat' dir='ltr'>tibi</span> <span class='ocrx_word' id='word_1_21' title='bbox 755 573 875 614; x_wconf 89' lang='lat' dir='ltr'>oornua</span> <span class='ocrx_word' id='word_1_22' title='bbox 899 556 1048 614; x_wconf 85' lang='lat' dir='ltr'>ventrem</span> 
     </span>
     <span class='ocr_line' id='line_1_5' title="bbox 105 657 946 744; baseline 0.002 -24"><span class='ocrx_word' id='word_1_23' title='bbox 105 678 179 720; x_wconf 85' lang='lat' dir='ltr'>oum</span> <span class='ocrx_word' id='word_1_24' title='bbox 203 658 292 720; x_wconf 84' lang='lat' dir='ltr'>lituis</span> <span class='ocrx_word' id='word_1_25' title='bbox 315 657 435 733; x_wconf 87' lang='lat' dir='ltr'>audita,</span> <span class='ocrx_word' id='word_1_26' title='bbox 458 679 551 742; x_wconf 89' lang='lat' dir='ltr'>pares</span> <span class='ocrx_word' id='word_1_27' title='bbox 570 658 656 742; x_wconf 90' lang='lat' dir='ltr'>quod</span> <span class='ocrx_word' id='word_1_28' title='bbox 681 657 822 722; x_wconf 86' lang='lat' dir='ltr'>vendere</span> <span class='ocrx_word' id='word_1_29' title='bbox 843 658 946 744; x_wconf 87' lang='lat' dir='ltr'>possis</span> 
     </span>
     <span class='ocr_line' id='line_1_6' title="bbox 105 758 807 844; baseline 0.003 -22"><span class='ocrx_word' id='word_1_30' title='bbox 105 759 206 844; x_wconf 86' lang='lat' dir='ltr'>pluris</span> <span class='ocrx_word' id='word_1_31' title='bbox 229 758 370 835; x_wconf 84' lang='lat' dir='ltr'>dimidio,</span> <span class='ocrx_word' id='word_1_32' title='bbox 396 781 456 823; x_wconf 89' lang='lat' dir='ltr'>nec</span> <span class='ocrx_word' id='word_1_33' title='bbox 481 768 515 824; x_wconf 89' lang='lat' dir='ltr'>te</span> <span class='ocrx_word' id='word_1_34' title='bbox 539 760 668 824; x_wconf 86' lang='lat' dir='ltr'>fastidia</span> <span class='ocrx_word' id='word_1_35' title='bbox 691 761 807 825; x_wconf 88' lang='lat' dir='ltr'>mercis</span> 
     </span>
    </p>

    <p class='ocr_par' dir='ltr' id='par_1_4' title="bbox 105 861 861 948">
     <span class='ocr_line' id='line_1_7' title="bbox 105 861 861 948; baseline 0.004 -24"><span class='ocrx_word' id='word_1_36' title='bbox 105 861 202 925; x_wconf 91' lang='lat' dir='ltr'>ullius</span> <span class='ocrx_word' id='word_1_37' title='bbox 226 863 361 925; x_wconf 77' lang='lat' dir='ltr'>subeant</span> <span class='ocrx_word' id='word_1_38' title='bbox 387 863 585 948; x_wconf 83' lang='lat' dir='ltr'>ablegandae</span> <span class='ocrx_word' id='word_1_39' title='bbox 607 864 750 928; x_wconf 85' lang='lat' dir='ltr'>Tiberim</span> <span class='ocrx_word' id='word_1_40' title='bbox 774 864 861 927; x_wconf 90' lang='lat' dir='ltr'>ultra</span> 
     </span>
    </p>

    <p class='ocr_par' dir='ltr' id='par_1_5' title="bbox 105 964 1058 1364">
     <span class='ocr_line' id='line_1_8' title="bbox 105 964 984 1050; baseline 0.001 -23"><span class='ocrx_word' id='word_1_41' title='bbox 105 986 170 1027; x_wconf 87' lang='lat' dir='ltr'>neu</span> <span class='ocrx_word' id='word_1_42' title='bbox 196 964 304 1028; x_wconf 86' lang='lat' dir='ltr'>credas</span> <span class='ocrx_word' id='word_1_43' title='bbox 327 964 513 1050; x_wconf 87' lang='lat' dir='ltr'>ponendum</span> <span class='ocrx_word' id='word_1_44' title='bbox 536 966 659 1050; x_wconf 84' lang='lat' dir='ltr'>aliquid</span> <span class='ocrx_word' id='word_1_45' title='bbox 682 965 874 1030; x_wconf 82' lang='lat' dir='ltr'><strong>discriminis</strong></span> <span class='ocrx_word' id='word_1_46' title='bbox 895 965 984 1029; x_wconf 88' lang='lat' dir='ltr'>inter</span> 
     </span>
     <span class='ocr_line' id='line_1_9' title="bbox 105 1060 1058 1162; baseline 0.002 -32"><span class='ocrx_word' id='word_1_47' title='bbox 105 1077 273 1152; x_wconf 85' lang='lat' dir='ltr'>unguenta</span> <span class='ocrx_word' id='word_1_48' title='bbox 296 1060 329 1132; x_wconf 90' lang='lat' dir='ltr'>et</span> <span class='ocrx_word' id='word_1_49' title='bbox 356 1070 484 1132; x_wconf 79' lang='lat' dir='ltr'>corium.</span> <span class='ocrx_word' id='word_1_50' title='bbox 528 1070 609 1133; x_wconf 89' lang='lat' dir='ltr'>lueri</span> <span class='ocrx_word' id='word_1_51' title='bbox 631 1070 803 1133; x_wconf 86' lang='lat' dir='ltr'>bonusest</span> <span class='ocrx_word' id='word_1_52' title='bbox 826 1068 904 1132; x_wconf 90' lang='lat' dir='ltr'>odor</span> <span class='ocrx_word' id='word_1_53' title='bbox 928 1090 970 1132; x_wconf 84' lang='lat' dir='ltr'>ex</span> <span class='ocrx_word' id='word_1_54' title='bbox 989 1091 1027 1132; x_wconf 88' lang='lat' dir='ltr'>re</span> <span class='ocrx_word' id='word_1_55' title='bbox 1053 1153 1058 1162; x_wconf 24' lang='grc' dir='ltr'>ι</span> 
     </span>
     <span class='ocr_line' id='line_1_10' title="bbox 106 1175 979 1261; baseline 0.003 -25"><span class='ocrx_word' id='word_1_56' title='bbox 106 1175 260 1257; x_wconf 89' lang='lat' dir='ltr'>qualibet.</span> <span class='ocrx_word' id='word_1_57' title='bbox 305 1176 361 1239; x_wconf 86' lang='lat' dir='ltr'>illa</span> <span class='ocrx_word' id='word_1_58' title='bbox 382 1185 440 1240; x_wconf 83' lang='lat' dir='ltr'>tuo</span> <span class='ocrx_word' id='word_1_59' title='bbox 464 1177 626 1240; x_wconf 89' lang='lat' dir='ltr'>sententia</span> <span class='ocrx_word' id='word_1_60' title='bbox 649 1198 776 1261; x_wconf 88' lang='lat' dir='ltr'>semper</span> <span class='ocrx_word' id='word_1_61' title='bbox 798 1177 833 1239; x_wconf 91' lang='lat' dir='ltr'>in</span> <span class='ocrx_word' id='word_1_62' title='bbox 857 1198 911 1239; x_wconf 87' lang='lat' dir='ltr'>ore</span> <span class='ocrx_word' id='word_1_63' title='bbox 977 1183 979 1186; x_wconf 77' lang='grc'>’</span> 
     </span>
     <span class='ocr_line' id='line_1_11' title="bbox 106 1278 897 1364; baseline 0.005 -25"><span class='ocrx_word' id='word_1_64' title='bbox 106 1287 256 1354; x_wconf 76' lang='lat' dir='ltr'>versetur,</span> <span class='ocrx_word' id='word_1_65' title='bbox 282 1278 330 1341; x_wconf 92' lang='lat' dir='ltr'>dis</span> <span class='ocrx_word' id='word_1_66' title='bbox 354 1287 452 1363; x_wconf 88' lang='lat' dir='ltr'>atque</span> <span class='ocrx_word' id='word_1_67' title='bbox 475 1279 544 1364; x_wconf 92' lang='lat' dir='ltr'>ipso</span> <span class='ocrx_word' id='word_1_68' title='bbox 569 1279 646 1343; x_wconf 90' lang='lat' dir='ltr'>Iove</span> <span class='ocrx_word' id='word_1_69' title='bbox 669 1279 768 1363; x_wconf 81' lang='lat' dir='ltr'>digna</span> <span class='ocrx_word' id='word_1_70' title='bbox 792 1287 897 1364; x_wconf 87' lang='lat' dir='ltr'>poeta,</span> 
     </span>
    </p>

    <p class='ocr_par' dir='ltr' id='par_1_6' title="bbox 105 1383 1086 2604">
     <span class='ocr_line' id='line_1_12' title="bbox 107 1383 1062 1469; baseline 0.002 -23"><span class='ocrx_word' id='word_1_71' title='bbox 107 1384 219 1448; x_wconf 89' lang='lat' dir='ltr'>“unde</span> <span class='ocrx_word' id='word_1_72' title='bbox 241 1386 368 1462; x_wconf 72' lang='lat' dir='ltr'>habeas</span> <span class='ocrx_word' id='word_1_73' title='bbox 393 1385 518 1469; x_wconf 90' lang='lat' dir='ltr'>quaerit</span> <span class='ocrx_word' id='word_1_74' title='bbox 540 1407 644 1464; x_wconf 91' lang='lat' dir='ltr'>nemo,</span> <span class='ocrx_word' id='word_1_75' title='bbox 667 1385 724 1449; x_wconf 89' lang='lat' dir='ltr'>sed</span> <span class='ocrx_word' id='word_1_76' title='bbox 747 1393 873 1469; x_wconf 88' lang='lat' dir='ltr'>oportet</span> <span class='ocrx_word' id='word_1_77' title='bbox 894 1383 1062 1448; x_wconf 85' lang='lat' dir='ltr'>habere.&#39;&#39;&#39;</span> 
     </span>
     <span class='ocr_line' id='line_1_13' title="bbox 107 1485 1010 1574; baseline 0 -24"><span class='ocrx_word' id='word_1_78' title='bbox 107 1485 181 1570; x_wconf 90' lang='lat' dir='ltr'>[hoo</span> <span class='ocrx_word' id='word_1_79' title='bbox 206 1496 387 1552; x_wconf 87' lang='lat' dir='ltr'>monstrant</span> <span class='ocrx_word' id='word_1_80' title='bbox 411 1488 540 1552; x_wconf 85' lang='lat' dir='ltr'>vetulae</span> <span class='ocrx_word' id='word_1_81' title='bbox 563 1488 672 1574; x_wconf 89' lang='lat' dir='ltr'>pueris</span> <span class='ocrx_word' id='word_1_82' title='bbox 697 1488 885 1572; x_wconf 90' lang='lat' dir='ltr'>repentibus</span> <span class='ocrx_word' id='word_1_83' title='bbox 910 1508 1010 1563; x_wconf 88' lang='lat' dir='ltr'>assae,</span> 
     </span>
     <span class='ocr_line' id='line_1_14' title="bbox 105 1590 1018 1677; baseline 0.001 -24"><span class='ocrx_word' id='word_1_84' title='bbox 105 1590 165 1654; x_wconf 86' lang='lat' dir='ltr'>hoo</span> <span class='ocrx_word' id='word_1_85' title='bbox 189 1590 315 1654; x_wconf 88' lang='lat' dir='ltr'>discunt</span> <span class='ocrx_word' id='word_1_86' title='bbox 339 1612 449 1658; x_wconf 88' lang='lat' dir='ltr'>omnes</span> <span class='ocrx_word' id='word_1_87' title='bbox 474 1599 551 1655; x_wconf 89' lang='lat' dir='ltr'>ante</span> <span class='ocrx_word' id='word_1_88' title='bbox 575 1592 673 1677; x_wconf 91' lang='lat' dir='ltr'>alpha</span> <span class='ocrx_word' id='word_1_89' title='bbox 695 1599 729 1655; x_wconf 88' lang='lat' dir='ltr'>et</span> <span class='ocrx_word' id='word_1_90' title='bbox 754 1592 832 1655; x_wconf 89' lang='lat' dir='ltr'>beta</span> <span class='ocrx_word' id='word_1_91' title='bbox 854 1590 983 1676; x_wconf 87' lang='lat' dir='ltr'>puellae</span> <span class='ocrx_word' id='word_1_92' title='bbox 995 1591 1018 1674; x_wconf 80' lang='lat' dir='ltr'>l]</span> 
     </span>
     <span class='ocr_line' id='line_1_15' title="bbox 106 1693 1046 1781; baseline 0.002 -26"><span class='ocrx_word' id='word_1_93' title='bbox 106 1693 225 1756; x_wconf 86' lang='lat' dir='ltr'>talibus</span> <span class='ocrx_word' id='word_1_94' title='bbox 251 1694 427 1758; x_wconf 84' lang='lat' dir='ltr'>instantem</span> <span class='ocrx_word' id='word_1_95' title='bbox 452 1695 584 1759; x_wconf 91' lang='lat' dir='ltr'>monitis</span> <span class='ocrx_word' id='word_1_96' title='bbox 610 1717 848 1781; x_wconf 86' lang='lat' dir='ltr'>quemcumque</span> <span class='ocrx_word' id='word_1_97' title='bbox 873 1701 1046 1780; x_wconf 88' lang='lat' dir='ltr'>parentem</span> 
     </span>
     <span class='ocr_line' id='line_1_16' title="bbox 106 1796 955 1883; baseline 0.002 -25"><span class='ocrx_word' id='word_1_98' title='bbox 106 1796 150 1860; x_wconf 87' lang='lat' dir='ltr'>sie</span> <span class='ocrx_word' id='word_1_99' title='bbox 169 1818 295 1881; x_wconf 91' lang='lat' dir='ltr'>possem</span> <span class='ocrx_word' id='word_1_100' title='bbox 320 1796 441 1862; x_wconf 83' lang='lat' dir='ltr'>adfari:</span> <span class='ocrx_word' id='word_1_101' title='bbox 470 1797 546 1873; x_wconf 86' lang='lat' dir='ltr'>‘dic,</span> <span class='ocrx_word' id='word_1_102' title='bbox 572 1820 590 1862; x_wconf 95' lang='lat' dir='ltr'>o</span> <span class='ocrx_word' id='word_1_103' title='bbox 616 1797 798 1872; x_wconf 84' lang='lat' dir='ltr'>vanissime,</span> <span class='ocrx_word' id='word_1_104' title='bbox 823 1797 895 1883; x_wconf 90' lang='lat' dir='ltr'>quis</span> <span class='ocrx_word' id='word_1_105' title='bbox 920 1804 955 1861; x_wconf 89' lang='lat' dir='ltr'>te</span> 
     </span>
     <span class='ocr_line' id='line_1_17' title="bbox 105 1899 911 1988; baseline 0.004 -27"><span class='ocrx_word' id='word_1_106' title='bbox 105 1899 258 1965; x_wconf 88' lang='lat' dir='ltr'>festinare</span> <span class='ocrx_word' id='word_1_107' title='bbox 282 1901 394 1966; x_wconf 64' lang='lat' dir='ltr'>iubet?</span> <span class='ocrx_word' id='word_1_108' title='bbox 416 1902 582 1966; x_wconf 87' lang='lat' dir='ltr'>meliorem</span> <span class='ocrx_word' id='word_1_109' title='bbox 606 1909 734 1988; x_wconf 89' lang='lat' dir='ltr'>praesto</span> <span class='ocrx_word' id='word_1_110' title='bbox 758 1902 911 1986; x_wconf 86' lang='lat' dir='ltr'>magistro</span> 
     </span>
     <span class='ocr_line' id='line_1_18' title="bbox 106 2002 907 2088; baseline 0.002 -23"><span class='ocrx_word' id='word_1_111' title='bbox 106 2002 306 2088; x_wconf 88' lang='lat' dir='ltr'>discipulum.</span> <span class='ocrx_word' id='word_1_112' title='bbox 351 2027 480 2069; x_wconf 86' lang='lat' dir='ltr'>securus</span> <span class='ocrx_word' id='word_1_113' title='bbox 505 2006 567 2083; x_wconf 90' lang='lat' dir='ltr'>abi,</span> <span class='ocrx_word' id='word_1_114' title='bbox 591 2005 737 2083; x_wconf 87' lang='lat' dir='ltr'>vinceris,</span> <span class='ocrx_word' id='word_1_115' title='bbox 761 2013 800 2068; x_wconf 89' lang='lat' dir='ltr'>ut</span> <span class='ocrx_word' id='word_1_116' title='bbox 823 2005 907 2069; x_wconf 86' lang='lat' dir='ltr'>Aiax</span> 
     </span>
     <span class='ocr_line' id='line_1_19' title="bbox 106 2107 966 2189; baseline 0.003 -21"><span class='ocrx_word' id='word_1_117' title='bbox 106 2107 272 2189; x_wconf 88' lang='lat' dir='ltr'>praeteriit</span> <span class='ocrx_word' id='word_1_118' title='bbox 293 2108 508 2185; x_wconf 82' lang='lat' dir='ltr'>Telamonem,</span> <span class='ocrx_word' id='word_1_119' title='bbox 531 2119 570 2172; x_wconf 88' lang='lat' dir='ltr'>ut</span> <span class='ocrx_word' id='word_1_120' title='bbox 594 2107 691 2172; x_wconf 86' lang='lat' dir='ltr'>Pelea</span> <span class='ocrx_word' id='word_1_121' title='bbox 713 2107 791 2171; x_wconf 87' lang='lat' dir='ltr'>vicit</span> <span class='ocrx_word' id='word_1_122' title='bbox 816 2107 966 2171; x_wconf 85' lang='lat' dir='ltr'>Achilles</span> 
     </span>
     <span class='ocr_line' id='line_1_20' title="bbox 106 2208 1086 2296; baseline 0.002 -24"><span class='ocrx_word' id='word_1_123' title='bbox 106 2211 301 2294; x_wconf 88' lang='lat' dir='ltr'>parcendum</span> <span class='ocrx_word' id='word_1_124' title='bbox 325 2219 374 2276; x_wconf 88' lang='lat' dir='ltr'>est</span> <span class='ocrx_word' id='word_1_125' title='bbox 396 2212 534 2277; x_wconf 87' lang='lat' dir='ltr'>teneris:</span> <span class='ocrx_word' id='word_1_126' title='bbox 557 2210 702 2275; x_wconf 90' lang='lat' dir='ltr'>nondum</span> <span class='ocrx_word' id='word_1_127' title='bbox 725 2210 899 2296; x_wconf 88' lang='lat' dir='ltr'>implevere</span> <span class='ocrx_word' id='word_1_128' title='bbox 922 2208 1086 2274; x_wconf 89' lang='lat' dir='ltr'>medullas</span> 
     </span>
     <span class='ocr_line' id='line_1_21' title="bbox 106 2314 1064 2401; baseline 0.003 -26"><span class='ocrx_word' id='word_1_129' title='bbox 106 2321 253 2378; x_wconf 89' lang='lat' dir='ltr'>maturae</span> <span class='ocrx_word' id='word_1_130' title='bbox 277 2316 363 2379; x_wconf 90' lang='lat' dir='ltr'>mala</span> <span class='ocrx_word' id='word_1_131' title='bbox 385 2316 559 2401; x_wconf 84' lang='lat' dir='ltr'>nequitiae.</span> <span class='ocrx_word' id='word_1_132' title='bbox 602 2324 654 2380; x_wconf 86' lang='lat' dir='ltr'>ast</span> <span class='ocrx_word' id='word_1_133' title='bbox 677 2337 752 2378; x_wconf 89' lang='lat' dir='ltr'>oum</span> <span class='ocrx_word' id='word_1_134' title='bbox 774 2323 903 2399; x_wconf 80' lang='lat' dir='ltr'>pectere</span> <span class='ocrx_word' id='word_1_135' title='bbox 926 2314 1064 2378; x_wconf 89' lang='lat' dir='ltr'>barbam</span> 
     </span>
     <span class='ocr_line' id='line_1_22' title="bbox 107 2417 996 2502; baseline 0.002 -24"><span class='ocrx_word' id='word_1_136' title='bbox 107 2417 246 2501; x_wconf 86' lang='lat' dir='ltr'>coeperit</span> <span class='ocrx_word' id='word_1_137' title='bbox 272 2425 306 2481; x_wconf 86' lang='lat' dir='ltr'>et</span> <span class='ocrx_word' id='word_1_138' title='bbox 331 2419 418 2502; x_wconf 86' lang='lat' dir='ltr'>longi</span> <span class='ocrx_word' id='word_1_139' title='bbox 441 2440 627 2482; x_wconf 83' lang='lat' dir='ltr'>mueronem</span> <span class='ocrx_word' id='word_1_140' title='bbox 650 2417 821 2482; x_wconf 87' lang='lat' dir='ltr'>admittere</span> <span class='ocrx_word' id='word_1_141' title='bbox 844 2417 948 2494; x_wconf 79' lang='lat' dir='ltr'>cultri,</span> <span class='ocrx_word' id='word_1_142' title='bbox 993 2459 996 2466; x_wconf 93' lang='lat'>-</span> 
     </span>
     <span class='ocr_line' id='line_1_23' title="bbox 107 2519 868 2604; baseline 0.003 -23"><span class='ocrx_word' id='word_1_143' title='bbox 107 2519 204 2582; x_wconf 89' lang='lat' dir='ltr'>falsus</span> <span class='ocrx_word' id='word_1_144' title='bbox 227 2519 288 2583; x_wconf 89' lang='lat' dir='ltr'>erit</span> <span class='ocrx_word' id='word_1_145' title='bbox 310 2520 410 2596; x_wconf 78' lang='lat' dir='ltr'>testiS,</span> <span class='ocrx_word' id='word_1_146' title='bbox 434 2519 554 2584; x_wconf 85' lang='lat' dir='ltr'>vendet</span> <span class='ocrx_word' id='word_1_147' title='bbox 577 2520 718 2604; x_wconf 89' lang='lat' dir='ltr'>periuria</span> <span class='ocrx_word' id='word_1_148' title='bbox 741 2542 868 2583; x_wconf 90' lang='lat' dir='ltr'>summa</span> 
     </span>
    </p>

    <p class='ocr_par' dir='ltr' id='par_1_7' title="bbox 106 2622 1030 3119">
     <span class='ocr_line' id='line_1_24' title="bbox 107 2622 982 2708; baseline 0.002 -23"><span class='ocrx_word' id='word_1_149' title='bbox 107 2623 223 2707; x_wconf 82' lang='lat' dir='ltr'>exigua</span> <span class='ocrx_word' id='word_1_150' title='bbox 247 2631 279 2685; x_wconf 91' lang='lat' dir='ltr'>et</span> <span class='ocrx_word' id='word_1_151' title='bbox 305 2622 428 2686; x_wconf 83' lang='lat' dir='ltr'>Cereris</span> <span class='ocrx_word' id='word_1_152' title='bbox 452 2631 588 2706; x_wconf 85' lang='lat' dir='ltr'>tangens</span> <span class='ocrx_word' id='word_1_153' title='bbox 615 2644 768 2707; x_wconf 89' lang='lat' dir='ltr'>aramque</span> <span class='ocrx_word' id='word_1_154' title='bbox 793 2624 982 2708; x_wconf 87' lang='lat' dir='ltr'>pedemque.</span> 
     </span>
     <span class='ocr_line' id='line_1_25' title="bbox 107 2726 897 2803; baseline 0.001 -13"><span class='ocrx_word' id='word_1_155' title='bbox 107 2727 226 2791; x_wconf 88' lang='lat' dir='ltr'>elatam</span> <span class='ocrx_word' id='word_1_156' title='bbox 250 2727 315 2790; x_wconf 91' lang='lat' dir='ltr'>iam</span> <span class='ocrx_word' id='word_1_157' title='bbox 335 2726 427 2790; x_wconf 86' lang='lat' dir='ltr'>crede</span> <span class='ocrx_word' id='word_1_158' title='bbox 453 2749 580 2803; x_wconf 87' lang='lat' dir='ltr'>nurum,</span> <span class='ocrx_word' id='word_1_159' title='bbox 605 2726 632 2790; x_wconf 91' lang='lat' dir='ltr'>si</span> <span class='ocrx_word' id='word_1_160' title='bbox 655 2726 768 2789; x_wconf 89' lang='lat' dir='ltr'>limina</span> <span class='ocrx_word' id='word_1_161' title='bbox 790 2736 897 2791; x_wconf 88' lang='lat' dir='ltr'>vestra</span> 
     </span>
     <span class='ocr_line' id='line_1_26' title="bbox 106 2828 1017 2914; baseline 0 -22"><span class='ocrx_word' id='word_1_162' title='bbox 106 2829 271 2892; x_wconf 85' lang='lat' dir='ltr'>mortifera</span> <span class='ocrx_word' id='word_1_163' title='bbox 293 2850 368 2892; x_wconf 87' lang='lat' dir='ltr'>oum</span> <span class='ocrx_word' id='word_1_164' title='bbox 394 2828 469 2892; x_wconf 86' lang='lat' dir='ltr'>dote</span> <span class='ocrx_word' id='word_1_165' title='bbox 493 2829 587 2892; x_wconf 89' lang='lat' dir='ltr'>subit.</span> <span class='ocrx_word' id='word_1_166' title='bbox 632 2829 749 2914; x_wconf 86' lang='lat' dir='ltr'>quibus</span> <span class='ocrx_word' id='word_1_167' title='bbox 771 2828 828 2892; x_wconf 89' lang='lat' dir='ltr'>illa</span> <span class='ocrx_word' id='word_1_168' title='bbox 850 2838 1017 2914; x_wconf 92' lang='lat' dir='ltr'>premetur</span> 
     </span>
     <span class='ocr_line' id='line_1_27' title="bbox 106 2930 1030 3017; baseline 0.001 -21"><span class='ocrx_word' id='word_1_169' title='bbox 106 2955 164 3017; x_wconf 88' lang='lat' dir='ltr'>per</span> <span class='ocrx_word' id='word_1_170' title='bbox 187 2953 335 2996; x_wconf 90' lang='lat' dir='ltr'>somnum</span> <span class='ocrx_word' id='word_1_171' title='bbox 357 2930 484 3015; x_wconf 86' lang='lat' dir='ltr'>digitis!</span> <span class='ocrx_word' id='word_1_172' title='bbox 506 2953 583 2994; x_wconf 87' lang='lat' dir='ltr'>nam</span> <span class='ocrx_word' id='word_1_173' title='bbox 608 2954 690 3016; x_wconf 85' lang='lat' dir='ltr'>quae</span> <span class='ocrx_word' id='word_1_174' title='bbox 710 2939 859 3016; x_wconf 87' lang='lat' dir='ltr'>terraque</span> <span class='ocrx_word' id='word_1_175' title='bbox 883 2933 1030 3017; x_wconf 87' lang='lat' dir='ltr'>marique</span> 
     </span>
     <span class='ocr_line' id='line_1_28' title="bbox 107 3032 915 3119; baseline -0.002 -21"><span class='ocrx_word' id='word_1_176' title='bbox 107 3032 305 3119; x_wconf 90' lang='lat' dir='ltr'>adquirenda</span> <span class='ocrx_word' id='word_1_177' title='bbox 326 3039 429 3117; x_wconf 85' lang='lat' dir='ltr'>putas,</span> <span class='ocrx_word' id='word_1_178' title='bbox 457 3032 582 3097; x_wconf 88' lang='lat' dir='ltr'>brevior</span> <span class='ocrx_word' id='word_1_179' title='bbox 605 3033 659 3095; x_wconf 87' lang='lat' dir='ltr'>via</span> <span class='ocrx_word' id='word_1_180' title='bbox 681 3032 822 3097; x_wconf 83' lang='lat' dir='ltr'>conseret</span> <span class='ocrx_word' id='word_1_181' title='bbox 848 3033 915 3112; x_wconf 91' lang='lat' dir='ltr'>illi;</span> 
     </span>
    </p>

    <p class='ocr_par' dir='ltr' id='par_1_8' title="bbox 105 3135 1116 3315">
     <span class='ocr_line' id='line_1_29' title="bbox 106 3135 1116 3221; baseline -0.001 -20"><span class='ocrx_word' id='word_1_182' title='bbox 106 3138 215 3201; x_wconf 90' lang='lat' dir='ltr'>nullus</span> <span class='ocrx_word' id='word_1_183' title='bbox 237 3136 324 3200; x_wconf 91' lang='lat' dir='ltr'>enim</span> <span class='ocrx_word' id='word_1_184' title='bbox 346 3135 456 3221; x_wconf 85' lang='lat' dir='ltr'>magni</span> <span class='ocrx_word' id='word_1_185' title='bbox 480 3135 606 3199; x_wconf 85' lang='lat' dir='ltr'>sceleris</span> <span class='ocrx_word' id='word_1_186' title='bbox 630 3135 727 3199; x_wconf 94' lang='lat' dir='ltr'>labor.</span> <span class='ocrx_word' id='word_1_187' title='bbox 772 3135 877 3200; x_wconf 89' lang='lat' dir='ltr'>“haec</span> <span class='ocrx_word' id='word_1_188' title='bbox 901 3159 960 3221; x_wconf 85' lang='lat' dir='ltr'>ego</span> <span class='ocrx_word' id='word_1_189' title='bbox 980 3158 1116 3221; x_wconf 71' lang='lat' dir='ltr'>numqua</span> 
     </span>
     <span class='ocr_line' id='line_1_30' title="bbox 105 3237 847 3315; baseline -0.004 -11"><span class='ocrx_word' id='word_1_190' title='bbox 105 3239 282 3315; x_wconf 88' lang='lat' dir='ltr'>mandavi,”</span> <span class='ocrx_word' id='word_1_191' title='bbox 307 3239 392 3303; x_wconf 89' lang='lat' dir='ltr'>dices</span> <span class='ocrx_word' id='word_1_192' title='bbox 414 3237 499 3314; x_wconf 92' lang='lat' dir='ltr'>olim,</span> <span class='ocrx_word' id='word_1_193' title='bbox 528 3245 613 3302; x_wconf 88' lang='lat' dir='ltr'>“neo</span> <span class='ocrx_word' id='word_1_194' title='bbox 636 3238 716 3302; x_wconf 87' lang='lat' dir='ltr'>talia</span> <span class='ocrx_word' id='word_1_195' title='bbox 739 3238 847 3302; x_wconf 86' lang='lat' dir='ltr'>suasi.&#39;’</span> 
     </span>
    </p>

    <p class='ocr_par' dir='ltr' id='par_1_9' title="bbox 105 3341 1035 3530">
     <span class='ocr_line' id='line_1_31' title="bbox 106 3341 1035 3426; baseline -0.002 -18"><span class='ocrx_word' id='word_1_196' title='bbox 106 3343 224 3408; x_wconf 89' lang='lat' dir='ltr'>mentis</span> <span class='ocrx_word' id='word_1_197' title='bbox 248 3364 343 3406; x_wconf 89' lang='lat' dir='ltr'>causa</span> <span class='ocrx_word' id='word_1_198' title='bbox 366 3341 470 3404; x_wconf 87' lang='lat' dir='ltr'>malae</span> <span class='ocrx_word' id='word_1_199' title='bbox 496 3349 606 3405; x_wconf 90' lang='lat' dir='ltr'>tamen</span> <span class='ocrx_word' id='word_1_200' title='bbox 630 3350 679 3405; x_wconf 86' lang='lat' dir='ltr'>est</span> <span class='ocrx_word' id='word_1_201' title='bbox 703 3349 737 3405; x_wconf 88' lang='lat' dir='ltr'>et</span> <span class='ocrx_word' id='word_1_202' title='bbox 762 3341 849 3426; x_wconf 87' lang='lat' dir='ltr'>origo</span> <span class='ocrx_word' id='word_1_203' title='bbox 871 3363 971 3426; x_wconf 91' lang='lat' dir='ltr'>penes</span> <span class='ocrx_word' id='word_1_204' title='bbox 993 3350 1035 3406; x_wconf 90' lang='lat' dir='ltr'>te.</span> 
     </span>
     <span class='ocr_line' id='line_1_32' title="bbox 105 3442 976 3530; baseline -0.003 -19"><span class='ocrx_word' id='word_1_205' title='bbox 105 3468 181 3511; x_wconf 88' lang='lat' dir='ltr'>nam</span> <span class='ocrx_word' id='word_1_206' title='bbox 205 3444 348 3530; x_wconf 88' lang='lat' dir='ltr'>quisquis</span> <span class='ocrx_word' id='word_1_207' title='bbox 368 3442 477 3528; x_wconf 83' lang='lat' dir='ltr'>magni</span> <span class='ocrx_word' id='word_1_208' title='bbox 501 3466 614 3508; x_wconf 88' lang='lat' dir='ltr'>census</span> <span class='ocrx_word' id='word_1_209' title='bbox 639 3443 802 3529; x_wconf 86' lang='lat' dir='ltr'>praecepit</span> <span class='ocrx_word' id='word_1_210' title='bbox 825 3467 976 3520; x_wconf 87' lang='lat' dir='ltr'>amorem,</span> 
     </span>
    </p>

    <p class='ocr_par' dir='ltr' id='par_1_10' title="bbox 106 3547 856 3632">
     <span class='ocr_line' id='line_1_33' title="bbox 106 3547 856 3632; baseline -0.005 -17"><span class='ocrx_word' id='word_1_211' title='bbox 106 3560 139 3615; x_wconf 90' lang='lat' dir='ltr'>et</span> <span class='ocrx_word' id='word_1_212' title='bbox 163 3551 254 3614; x_wconf 88' lang='lat' dir='ltr'>laevo</span> <span class='ocrx_word' id='word_1_213' title='bbox 278 3547 403 3612; x_wconf 88' lang='lat' dir='ltr'>monitu</span> <span class='ocrx_word' id='word_1_214' title='bbox 429 3569 544 3632; x_wconf 90' lang='lat' dir='ltr'>pueros</span> <span class='ocrx_word' id='word_1_215' title='bbox 567 3547 713 3631; x_wconf 85' lang='lat' dir='ltr'>producit</span> <span class='ocrx_word' id='word_1_216' title='bbox 739 3569 856 3622; x_wconf 77' lang='lat' dir='ltr'>avaros</span> 
     </span>
    </p>

    <p class='ocr_par' dir='ltr' id='par_1_11' title="bbox 107 3649 951 3740">
     <span class='ocr_line' id='line_1_34' title="bbox 107 3649 951 3740; baseline -0.005 -21"><span class='ocrx_word' id='word_1_217' title='bbox 107 3655 154 3740; x_wconf 91' lang='lat' dir='ltr'>[et</span> <span class='ocrx_word' id='word_1_218' title='bbox 180 3654 236 3739; x_wconf 90' lang='lat' dir='ltr'>qui</span> <span class='ocrx_word' id='word_1_219' title='bbox 261 3673 319 3739; x_wconf 90' lang='lat' dir='ltr'>per</span> <span class='ocrx_word' id='word_1_220' title='bbox 337 3650 464 3715; x_wconf 82' lang='lat' dir='ltr'>fraudes</span> <span class='ocrx_word' id='word_1_221' title='bbox 489 3649 682 3734; x_wconf 87' lang='lat' dir='ltr'>patrimonia</span> <span class='ocrx_word' id='word_1_222' title='bbox 705 3649 951 3735; x_wconf 69' lang='lat' dir='ltr'>conduplicata]</span> 
     </span>
    </p>

    <p class='ocr_par' dir='ltr' id='par_1_12' title="bbox 104 3753 859 3824">
     <span class='ocr_line' id='line_1_35' title="bbox 104 3753 859 3824; baseline -0.009 0"><span class='ocrx_word' id='word_1_223' title='bbox 104 3762 161 3824; x_wconf 89' lang='lat' dir='ltr'>dat</span> <span class='ocrx_word' id='word_1_224' title='bbox 184 3759 368 3822; x_wconf 88' lang='lat' dir='ltr'>libertatem</span> <span class='ocrx_word' id='word_1_225' title='bbox 392 3762 425 3820; x_wconf 90' lang='lat' dir='ltr'>et</span> <span class='ocrx_word' id='word_1_226' title='bbox 451 3761 534 3819; x_wconf 87' lang='lat' dir='ltr'>totas</span> <span class='ocrx_word' id='word_1_227' title='bbox 558 3753 695 3819; x_wconf 86' lang='lat' dir='ltr'>effundit</span> <span class='ocrx_word' id='word_1_228' title='bbox 718 3753 859 3817; x_wconf 88' lang='lat' dir='ltr'>habenas</span> 
     </span>
    </p>
   </div>
   <div class='ocr_carea' id='block_1_3' title="bbox 0 0 1282 4266">
    <p class='ocr_par' dir='ltr' id='par_1_13' title="bbox 0 0 1282 4266">
     <span class='ocr_line' id='line_1_36' title="bbox 0 0 1282 4266; baseline 0 0"><span class='ocrx_word' id='word_1_229' title='bbox 0 0 1282 4266; x_wconf 95' lang='lat' dir='ltr'> </span> 
     </span>
    </p>
   </div>
  </div>
 </body>
</html>
