2550 4266
116 189 165 278 84
595 180 681 256 XV

114 371 360 457 squaloremque
381 367 437 449 rei,
460 367 622 453 pupillum
643 367 694 432 ad¹
706 367 778 432 iura
798 370 966 433 vocantem

114 474 431 559 circumscriptorem,
453 472 544 536 cuius
567 471 735 536 manantia
754 472 836 536 fletu

113 603 169 646 ora
193 580 353 666 puellares
377 578 501 642 faciunt
521 577 646 641 incerta
666 577 781 662 capilli

112 693 248 750 naturae
270 682 405 768 imperio
426 682 595 767 gemimus,
621 704 723 767 quum
748 683 846 747 fimus
869 683 1000 748 adultae

111 787 245 873 virginis
267 786 403 852 occurrit
424 785 478 850 vel
495 793 583 849 terra
610 784 771 848 clauditur
793 786 900 850 infans

111 899 146 955 et
162 891 269 954 minor
291 889 366 973 igne
389 889 466 972 rogi
491 887 563 973 quis
588 887 676 952 enim
694 888 798 952 bonus
821 897 856 952 et
879 889 950 954 face
971 889 1083 976 dignus

111 1015 234 1068 arcana,
256 991 387 1078 qualem
408 991 532 1057 Cereris
552 991 624 1055 vult
646 1013 714 1055 esse
736 991 889 1069 sacerdos,

110 1098 178 1162 ulla
199 1097 306 1162 aliena
326 1097 388 1162 sibi
409 1096 511 1161 eredit
532 1095 641 1159 malai
669 1104 796 1180 separat
817 1095 879 1160 hoc
899 1118 959 1161 nos

110 1223 131 1264 a
151 1224 247 1287 grege
269 1209 442 1278 mutorum,
464 1208 563 1284 atque
582 1199 655 1263 ideo
676 1198 859 1263 venerabile
881 1199 940 1265 soli

111 1304 216 1367 sortiti
240 1305 408 1388 ingenium
433 1303 680 1387 divinorumque
705 1323 836 1386 capaces

110 1414 209 1492 atque
233 1407 417 1472 exercendis
442 1406 670 1491 capiendisque
691 1405 816 1470 artibus
838 1406 908 1491 apti

110 1536 241 1578 sensum
263 1535 285 1577 a
305 1511 436 1576 caelesti
461 1512 637 1576 demissum
658 1510 816 1575 maximus
838 1532 919 1586 arce,

110 1618 201 1682 cuius
223 1624 320 1701 egent
338 1638 440 1701 prona
465 1622 499 1680 et
520 1624 641 1680 terram
663 1616 850 1700 spectantia
893 1616 1008 1682 mundi

109 1720 266 1805 principio
291 1719 427 1785 indulsit
450 1720 629 1784 communis
655 1718 800 1782 conditor
823 1719 887 1782 illis

108 1831 239 1887 tantum
262 1824 394 1900 animas,
420 1824 513 1887 nobis
536 1823 682 1887 animum
708 1844 845 1908 quoque,
868 1831 1003 1888 mutuus
1027 1831 1065 1890 ut
1083 1833 1162 1886 nos

108 1925 253 1991 adfectus
276 1934 385 2012 petere
409 1926 567 1990 auxilium
588 1932 623 1990 et
646 1933 808 2010 praestare
832 1924 967 2003 iuberet,

108 2028 265 2114 dispersos
288 2030 416 2095 trahere
440 2029 476 2093 in
498 2029 664 2114 populum,
688 2029 827 2114 migrare
848 2037 978 2094 vetusto
1051 2108 1053 2113 Ι

108 2131 149 2196 de
173 2155 303 2198 nemore
327 2141 361 2199 et
383 2133 509 2219 proavis
534 2132 698 2197 habitatas
723 2132 869 2217 linquere
893 2133 998 2209 silvas,

107 2235 276 2300 aedificare
299 2237 416 2316 domos,
440 2236 561 2301 laribus
581 2235 773 2319 coniungere
797 2234 913 2299 nostris

106 2347 232 2406 tectum
255 2340 351 2420 aliud,
377 2350 465 2406 tutos
488 2341 593 2405 vicino
619 2340 733 2404 limine
757 2361 885 2404 somnos

106 2451 145 2509 ut
170 2444 297 2510 conluta
320 2445 411 2510 daret
433 2444 560 2520 fiducia,
583 2452 751 2530 protegere
775 2443 873 2507 armis

106 2550 234 2636 lapsum
259 2557 316 2614 aut
340 2548 466 2634 ingenti
488 2555 662 2612 nutantem
685 2547 819 2611 vulnere
841 2545 953 2623 civem,

106 2654 271 2720 communi
295 2654 371 2719 dare
395 2654 487 2739 signa
510 2653 600 2730 tuba,
627 2651 792 2716 defendier
816 2650 920 2714 isdem

104 2760 248 2825 turribus
273 2766 372 2844 atque
393 2781 461 2822 una
482 2766 649 2843 portarum
672 2756 760 2820 clave
784 2756 898 2821 teneri.

105 2861 162 2927 sed
184 2863 251 2928 iam
276 2870 462 2947 serpentum
485 2860 587 2925 maior
610 2857 784 2924 concordia.
826 2857 930 2943 parcit

105 2966 248 3051 cognatis
270 2965 405 3029 maculis
430 2964 543 3028 similis
565 2963 640 3030 fera
685 2961 813 3048 quando
836 2960 922 3026 leoni

104 3069 216 3134 fortior
241 3070 361 3155 eripuit
383 3070 484 3135 vitam
509 3069 581 3133 leot
610 3091 674 3154 quo
699 3089 829 3132 nemore
855 3088 1012 3152 umquam

104 3173 279 3258 exspiravit
303 3196 381 3259 aper
402 3173 532 3239 maioris
555 3173 706 3237 dentibus
732 3170 825 3256 april

103 3274 217 3340 ludica
238 3276 331 3361 tigris
354 3276 422 3361 agit
444 3275 556 3340 rabida
578 3298 652 3340 cum
678 3274 795 3360 tigride
817 3294 931 3358 pacem

103 3385 303 3464 perpetuam,
329 3379 431 3443 saevis
456 3379 541 3442 inter
564 3401 597 3443 se
624 3377 774 3442 convenit
796 3375 885 3441 ursis.

103 3489 155 3546 ast
179 3480 304 3545 homini
328 3483 450 3546 fenum
472 3482 568 3546 letale
591 3482 713 3546 incude·
732 3479 872 3546 nefanda

103 3583 290 3671 produxisse
314 3606 430 3669 parum
453 3591 510 3662 est,
535 3605 609 3647 cum
631 3591 733 3647 rastra
762 3589 797 3646 et
822 3580 945 3647 sarcula
968 3586 1098 3647 tantum

104 3687 231 3752 adsueti
252 3708 388 3772 coquere
413 3693 447 3750 et
469 3687 583 3751 marris
607 3709 645 3752 ac
664 3708 793 3752 vomere
816 3685 892 3752 lassi

103 3788 277 3856 nescierint
301 3789 399 3879 primi
416 3789 540 3877 gladios
563 3790 736 3858 extendere
758 3791 849 3857 fabri
