2550 4266
138 358 284 444 ingenui
310 359 418 424 vultus
440 383 522 446 puer
544 361 747 448 ingenuique
766 363 904 450 pudoris

79 463 261 549 5511116161
283 485 352 531 csse
376 463 469 529 decet
491 487 570 551 quos
594 466 709 531 ardens
731 489 883 552 purpura·
898 467 1004 543 vestit,
1120 507 1123 513 -

139 589 210 631 nec
235 567 407 652 pupillares
430 568 534 632 defert
557 567 592 633 in
614 568 731 634 balnea
754 592 869 634 raucus
917 576 995 731 Χ

141 670 322 747 testiculos,
342 692 402 735 nec
425 671 588 736 vellendas
612 672 679 736 iam
703 672 854 757 praebuit
877 673 952 750 alas,

143 797 256 839 crassa
281 798 340 840 nec
367 777 512 861 opposito
536 777 671 861 pavidus
693 777 777 862 tegit
800 777 935 862 inguina
960 786 1047 863 guto.

143 878 204 942 hic
229 878 290 942 tibi
315 879 391 943 rina
414 879 504 943 dabit
528 879 644 943 diffusa
668 879 703 944 in
727 879 892 944 montibus
916 880 987 955 11111,

79 974 129 1046 50
144 1003 168 1045 a
197 981 314 1066 quibus
339 982 407 1067 ipse
430 982 529 1059 venit,
556 1005 693 1068 quorum
718 982 778 1058 sub
801 983 922 1048 vertice
946 983 1039 1062 lusit;

145 1083 306 1168 [namque
321 1106 388 1148 una
402 1092 500 1170 atque
516 1085 629 1154 eadem
644 1094 694 1149 est
713 1085 782 1150 vini
796 1087 903 1171 patria
921 1095 1017 1172 atque
1033 1086 1196 1172 ministri]

144 1185 284 1249 forsitan
310 1194 465 1271 expectes,
490 1194 529 1250 ut
553 1187 714 1252 Gaditana
736 1211 852 1254 canoro

143 1289 306 1375 incipiant
327 1291 451 1376 prurire
469 1291 565 1356 choro
585 1276 774 1377 plausuque
788 1295 941 1378 probatae

145 1392 193 1457 ad
216 1401 335 1458 terram
360 1395 499 1466 tremulo
524 1395 720 1460 descendant
739 1397 838 1462 clune
862 1398 997 1490 puellae,

79 1493 128 1582 55
146 1498 311 1582 [spectant
337 1499 397 1565 hcc
421 1485 543 1586 nuptae
570 1501 662 1565 iuxta
685 1503 861 1567 recubante
887 1503 1012 1578 marite,

146 1601 238 1685 quod
260 1603 381 1687 pudeat
406 1627 535 1670 narrare
561 1605 702 1690 aliquem
727 1605 950 1689 praesentibus
975 1603 1076 1695 ipsis]

145 1701 389 1778 irritamentum
413 1707 548 1772 Veneris
572 1708 756 1793 languentis
782 1717 815 1773 et
839 1732 926 1774 acres
1005 1774 1009 1782 ,

144 1807 259 1872 divitis
284 1810 415 1900 urticae.
463 1811 578 1896 (maior
601 1822 712 1878 tamen
738 1813 801 1879 ista
823 1814 972 1899 voluptas

144 1911 280 1976 alterius
304 1935 416 1994 sexus3
450 1918 552 2002 magis
576 1918 630 1983 ille
656 1917 842 1988 extenditur
868 1927 901 1982 et
926 1940 1002 1982 mcx

79 2041 128 2112 7⁰
146 2017 280 2085 auribus
306 2030 405 2106 atque
430 2022 529 2087 oculis
550 2031 704 2108 concepta
726 2022 821 2092 urina
846 2025 1015 2105 movetur).

115 2171 129 2212 .·
144 2149 215 2192 non
237 2125 325 2212 capit
351 2127 410 2190 has
434 2148 536 2211 nugas
561 2127 692 2191 humilis
716 2127 836 2191 domuc.
882 2126 994 2191 audiat
1021 2126 1075 2191 ille

143 2238 305 2299 testarum
329 2230 470 2314 crepitus
495 2253 570 2298 cum
593 2232 707 2308 verbis,
729 2231 857 2304 *nudum
881 2230 964 2294 olido
989 2237 1077 2294 stans

146 2333 268 2398 fornice
291 2335 488 2420 mancipium
512 2334 628 2419 quibus
651 2333 800 2411 abstinet,
823 2333 878 2396 1116
900 2333 1027 2396 fruatur

147 2437 279 2503 vocibus
302 2438 445 2514 obscenis
467 2438 619 2523 omnique
641 2437 782 2506 libidinis
805 2444 882 2512 arte,
1011 2507 1012 2511 ,
1067 2521 1071 2527 Ι

81 2557 131 2628 75
151 2541 209 2624 qui
230 2539 713 2625 Lacedaemonium-pytismate
735 2539 873 2603 lubricat
895 2538 1020 2616 orbem;

149 2667 289 2730 namque
311 2645 357 2710 ibi
379 2645 525 2709 fortunae
547 2645 675 2708 veniam
698 2643 819 2707 damus.
864 2643 934 2706 alea
956 2642 1068 2726 turpia,

147 2756 243 2833 turpe
266 2756 300 2812 61
322 2747 516 2812 adulterium
538 2746 766 2825 mediocribus;
791 2745 870 2809 haec
893 2744 1006 2807 eadem
1027 2744 1076 2815 illi

146 2850 257 2915 omnia
278 2872 352 2914 cum
374 2849 505 2925 faciunt,
527 2848 644 2911 hilares
666 2846 826 2931 nitidique
847 2854 1009 2910 vocantur.

146 2962 258 3018 nostra
279 2953 404 3036 dabunt
426 2952 503 3016 alios
525 2950 621 3014 hodie
643 2948 788 3014 convivia
808 2947 909 3024 ludos
962 2955 966 2961 ’
1089 2957 1092 2962 ’

81 3053 638 3130 8066611161111611616611161111111
660 3060 758 3136 atque
780 3050 922 3115 Maronis
981 3138 983 3142 μ

146 3161 277 3227 altisoni
299 3159 431 3225 dubiam
453 3156 604 3222 facientia
626 3155 768 3220 carmina
789 3155 939 3239 palmam.
1040 3220 1042 3223 ,

146 3268 226 3357 quid
248 3266 354 3341 refert,
373 3263 455 3328 tales
476 3284 585 3328 versus
608 3284 673 3348 qua
694 3283 771 3326 voce
793 3264 963 3345 leganturt

191 3375 256 3439 Sed
278 3395 365 3437 nunc
387 3370 494 3436 dilatis
517 3377 626 3434 averte
649 3367 778 3452 negotia
800 3364 883 3431 curis

146 3487 181 3545 et
203 3487 329 3565 gratam
350 3476 495 3562 requiem
518 3474 603 3537 dona
624 3473 693 3548 tibi,
717 3469 845 3557 quando
868 3466 978 3532 licebit

86 3584 131 3669 85
147 3604 205 3668 per
226 3590 334 3645 totum
356 3601 477 3644 cessare
500 3578 594 3675 diem.
649 3597 714 3638 non
736 3573 853 3637 fenoris
875 3572 943 3636 ulla

147 3683 279 3761 mentio,
301 3706 369 3759 nec,
392 3682 497 3767 prima
519 3681 546 3745 si
567 3681 640 3743 luce
662 3699 788 3763 egressa
808 3674 926 3741 reverti

147 3796 242 3853 nocte
264 3786 353 3862 solet,
376 3784 475 3852 tacito
498 3783 598 3848 bilem
619 3779 681 3845 tibi
704 3777 873 3847 contrahat
894 3799 982 3855 uxor,
1027 3865 1030 3869 Ι
1077 3857 1079 3861 Ι
