2550 4266
604 224 675 301 III

105 432 234 476 *numen
256 431 366 496 aquae,
389 409 485 475 viridi
507 411 533 474 si
555 410 700 496 margine
722 412 864 478 eluderet
885 414 988 479 undas

52 529 96 576 20
110 513 213 578 herba
234 535 293 578 nee
314 514 491 598 ingenuum
513 513 671 578 violarent
692 537 851 579 marmora
873 518 995 581 tofum!

37 646 40 653 ⁴
109 616 164 681 hic
185 624 264 683 tunc
286 617 472 682 Umbricius
495 618 641 701 ‘quando
664 619 802 697 artibus‚’
824 619 940 704 inquit,
965 621 1120 685 ‘honestis

108 718 219 783 nullus
241 719 276 782 in
297 720 377 788 urbe
399 720 495 796 locus,
518 721 609 785 nulla
636 720 853 785 emolumenta
874 722 1027 797 laborum,

108 843 161 886 res
182 821 278 886 hodie
299 822 405 893 minor
427 830 483 900 est,
500 823 576 887 here
600 844 697 908 quam
714 821 785 898 fuit,
809 831 907 906 atque
929 823 1042 888 eadem
1064 846 1132 889 cras

108 924 235 990 deteret
258 924 380 1008 exiguis
403 924 535 1009 aliquid,
557 925 764 1009 proponimus
785 923 861 987 illuc

47 1038 92 1106 25
108 1027 164 1104 ire,
187 1027 337 1112 fatigatas
362 1028 419 1092 ubi
440 1027 603 1092 Daedalus
622 1028 712 1093 exuit
734 1027 808 1105 alas,

108 1129 192 1192 dum
210 1152 294 1198 nova
315 1130 457 1207 canities,
481 1130 560 1196 dum
582 1131 687 1216 prima
708 1138 741 1194 et
764 1138 851 1195 recta
872 1141 1027 1212 senectus,

108 1233 188 1296 dum
210 1242 356 1318 superest
377 1235 512 1300 Lachesi
534 1236 621 1320 quod
642 1243 800 1320 torqueat,
824 1234 1014 1319 etpedibus
1036 1259 1089 1303 me

106 1342 201 1420 porto
222 1336 301 1400 meis
323 1337 411 1402 nullo
433 1338 579 1402 dextram
602 1339 760 1402 subeunte
781 1335 903 1400 bacillo.

107 1439 259 1504 cedamus
281 1442 393 1526 patria
438 1442 551 1528 vivant
572 1442 721 1507 Artorius
743 1441 816 1506 istic

41 1557 92 1626 30
109 1547 144 1606 et
166 1541 308 1620 Catulus,
332 1552 485 1610 maneant
508 1545 564 1631 qui
586 1546 715 1630 nigrum
737 1545 772 1609 in
794 1543 930 1609 candida
950 1549 1087 1623 vertunt
1134 1580 1136 1584 ’

109 1645 182 1730 quis
203 1646 295 1712 facile
319 1656 367 1712 est
390 1649 503 1714 aedem
526 1650 701 1714 conducere
723 1649 858 1712 flumina
879 1657 999 1732 portus,

108 1748 289 1813 siccandam
311 1750 459 1830 eluviem,
482 1752 678 1837 portandum
700 1753 741 1816 ad
762 1752 859 1816 busta
880 1751 1021 1828 cadaver,

108 1858 143 1915 et
157 1851 309 1935 praebere
325 1860 430 1937 caput
452 1851 583 1917 domina
604 1855 717 1919 venale
740 1855 799 1919 sub
821 1855 922 1918 hasta.

109 1952 270 2037 quondam
291 1952 327 2016 hi
349 1953 523 2019 cornicines
545 1963 579 2019 et
601 1956 804 2041 municipalis
827 1957 966 2037 harenae

43 2073 92 2144 35
107 2057 257 2142 perpetui
278 2057 410 2124 comites
432 2067 592 2144 notaeque
613 2081 671 2144 per
692 2059 811 2144 oppida
831 2060 949 2126 buccae

108 2181 350 2251 muneranunc
372 2160 481 2237 edunt,
506 2171 539 2226 et
561 2184 651 2227 verso
673 2163 789 2247 pollice
811 2165 925 2249 vulgus

110 2284 206 2348 quem
227 2263 319 2329 iubet
340 2264 490 2329 occidunt
511 2266 716 2350 populariter,
740 2265 816 2330 inde
837 2268 956 2333 reversi

108 2367 290 2431 conducunt
306 2367 432 2443 ‚sorices
456 2375 490 2433 et
512 2390 568 2431 our
588 2390 653 2433 non
676 2369 808 2433 omnial
836 2392 910 2434 cum
932 2372 1005 2448 sint,

109 2470 219 2555 quales
241 2493 282 2535 ex
303 2471 419 2535 humili
441 2494 560 2556 magna
581 2472 621 2537 ad
644 2473 774 2557 fastigia
794 2495 902 2538 rerum

45 2587 96 2652 40
111 2575 244 2651 extollit,
268 2576 416 2660 quotiens
437 2575 540 2639 voluit
562 2576 708 2641 Fortuna
729 2577 833 2642 iocari.

109 2678 186 2763 quid
209 2679 331 2745 Romae
352 2679 494 2743 laciaml
522 2680 652 2755 mentiri
674 2679 790 2756 nescio,
813 2679 939 2758 librum,

108 2781 136 2844 si
157 2783 261 2846 malus
283 2790 341 2861 est,
363 2805 489 2868 nequeo
512 2782 642 2846 laudare
665 2790 699 2846 et
720 2803 856 2867 poscere,
879 2785 986 2848 motus

109 2891 267 2956 astrorum
289 2885 408 2971 ignoro,
431 2887 528 2950 funus
549 2886 738 2972 promittere
760 2886 860 2971 patris

108 3009 168 3053 neo
189 2989 261 3052 volo
283 3011 342 3054 nec
363 3012 500 3075 possum,
524 3012 673 3053 ranarum
695 2989 817 3053 viscera
837 3011 1016 3074 numquam

48 3101 98 3168 45
109 3091 242 3178 inspexi,
265 3092 348 3158 ferre
370 3092 411 3157 ad
432 3103 570 3178 nuptam
592 3115 675 3177 quae
697 3092 801 3164 mittit
824 3092 958 3170 adulter,

109 3217 192 3280 quae
214 3197 356 3274 mandat,
378 3205 499 3260 norunt
520 3196 584 3272 alii,
607 3218 660 3260 me
681 3218 778 3260 nemo
799 3196 945 3259 ministro

69 3310 77 3318 ”
109 3297 161 3362 fur
182 3297 261 3375 erit,
276 3306 374 3383 atque
396 3298 468 3362 ideo
490 3298 572 3362 nulli
595 3320 700 3363 comes
722 3320 810 3374 exeo,
833 3306 1001 3381 tamquam

109 3423 242 3465 mancus
264 3408 297 3465 et
319 3395 501 3466 exstinctae
518 3423 632 3486 corpus
652 3424 718 3466 non
739 3401 819 3466 utile
842 3401 979 3465 dextrae.

111 3505 291 3592 quisynunc
312 3505 465 3590 diligitur,
488 3505 551 3569 nisi
572 3506 724 3579 conscius,
748 3513 782 3570 et
803 3504 856 3568 cui
877 3503 1002 3568 fervens

52 3621 99 3690 50
110 3615 238 3679 aestuat
257 3609 388 3673 occultis
411 3608 537 3672 animus
560 3629 751 3692 semperque
773 3606 939 3671 tacendis?

64 3794 67 3799 Ι
87 3774 90 3778 ,
109 3710 157 3773 nil
177 3709 239 3774 tibi
262 3733 295 3774 se
317 3711 433 3775 debere
455 3718 559 3796 putat,
581 3710 629 3774 nil
651 3711 793 3775 conferet
813 3730 979 3795 umquam,

50 3798 54 3804 ¹
110 3813 299 3899 participem
321 3813 378 3898 qui
400 3821 438 3878 te.
456 3812 570 3878 secreti
592 3812 668 3897 fecit
690 3811 836 3896 honesti;
880 3900 882 3902 q
1036 3807 1042 3814 ’
