2550 4266
108 390 186 454 fusa
207 409 333 453 venena
356 386 461 464 silent,
487 386 592 450 malus
622 387 833 475 ingratusque
858 393 1002 470 maritus,

62 515 64 539 ¹
110 503 147 558 et
178 513 261 578 quae
280 490 347 555 iam
372 500 498 556 veteres
528 499 644 556 sanant
674 493 828 557 mortaria
854 515 969 560 caecos.

110 617 190 680 ergo
217 594 279 658 sibi
297 592 388 658 dabit
411 593 480 678 ipse
506 592 629 672 rudem,
654 593 814 659 sinestra
837 598 1014 666 movebunt

110 697 254 776 consilia,
276 705 309 761 et
338 695 425 761 vitae
449 695 613 760 diversum
639 696 701 761 iter
730 697 936 782 ingredietur,

110 801 156 866 ad
185 822 329 887 pugnam
351 800 408 886 qui
432 799 592 864 rhetorica
622 801 787 866 descendit
817 803 858 867 ab
888 805 1012 886 umbra,

110 903 277 969 summula
299 925 341 968 ne
365 911 484 990 pereat,
506 925 571 989 qua
599 904 672 968 vilis
697 914 818 969 tessera
843 907 934 972 venit
1031 888 1037 897 ⁵

62 1024 65 1076 1
108 1007 286 1074 frumenti:
312 1007 431 1093 quippe
455 1008 534 1071 haec
560 1030 681 1072 merces
710 1009 899 1076 lautissima
944 1020 1079 1098 tempta,

108 1113 336 1198 Chrysogonus
359 1112 474 1197 quanti
503 1111 616 1176 doceat
642 1113 694 1176 vel
718 1111 807 1177 Polio
832 1115 946 1200 quanti

107 1218 275 1281 lautorum
299 1212 422 1302 pueros
450 1223 554 1280 artem
578 1215 703 1280 scindes
727 1217 892 1284 Theodori

107 1320 228 1384 balnea
247 1318 399 1384 sescentis
423 1327 458 1383 et
480 1318 582 1404 pluris
604 1320 754 1404 porticus,
778 1321 813 1384 in
839 1344 904 1407 qua

105 1431 256 1510 gestetur
281 1422 439 1499 dominus,
464 1422 614 1506 quotiens
641 1422 854 1507 pluit-anne
878 1448 1027 1491 serenum

63 1559 65 1577 ·
107 1536 275 1614 exspectet
300 1535 495 1614 spargatque
521 1527 592 1590 luto
618 1527 766 1592 iumenta
790 1530 933 1596 recenti?

107 1638 176 1724 [hic
192 1633 307 1718 potius,
332 1653 472 1717 namque
502 1631 555 1696 hic
584 1632 724 1696 mundae
748 1633 833 1698 nitet
862 1635 985 1719 ungula
1012 1634 1172 1720 mulae—]

105 1747 202 1825 parte
225 1737 290 1801 alia
311 1737 415 1822 longis
439 1735 657 1800 Numidarum
682 1738 766 1802 fulta
791 1738 947 1804 columnis
983 1814 986 1818 ¹

107 1847 220 1925 surgat
246 1847 280 1903 et
304 1838 467 1923 algentem
490 1838 597 1923 rapiat
623 1839 748 1902 cenatio
778 1839 886 1906 solem.

108 1943 365 2031 quanticumque
395 1943 517 2020 domus,
545 1943 656 2007 veniet
682 1944 739 2028 qui
766 1943 886 2009 fercula
911 1945 1005 2012 docte

63 2061 65 2111 L
107 2054 277 2132 conponat,
314 2046 422 2112 veniet
447 2047 503 2132 qui
529 2047 746 2131 pulmentaria
775 2048 891 2115 condit.

106 2155 169 2220 hos
192 2153 277 2218 inter
301 2160 448 2237 sumptus
472 2151 620 2216 sestertia
643 2151 853 2231 Quintiliano,

107 2264 149 2322 ut
172 2258 320 2335 multum,
346 2256 409 2320 duo
434 2254 611 2319 sufficient:
636 2277 686 2318 res
712 2255 803 2319 nulla
831 2255 964 2320 minoris

108 2359 270 2426 constabit
293 2358 387 2444 patri,
419 2380 518 2442 quam
544 2357 638 2423 filius.
685 2356 790 2421 ‘unde
820 2359 919 2443 igitur
942 2367 992 2424 tot

109 2462 330 2544 Quintilianus
354 2462 453 2526 habet
478 2462 579 2525 saltus
591 2462 611 2526 l'
656 2461 804 2547 exempla
829 2485 986 2527 novorum

108 2566 250 2631 fatorum
273 2566 382 2630 transi.
431 2565 509 2629 felix
539 2576 572 2631 et
598 2567 732 2651 pulcher
762 2575 796 2630 et
818 2590 897 2646 acer,

108 2670 188 2734 felix
208 2678 242 2734 et
272 2670 398 2755 sapiens
426 2678 459 2734 et
483 2669 599 2733 nobilis
624 2678 658 2734 et
683 2693 855 2755 generosus

108 2774 290 2859 adpositam
313 2773 423 2858 nigrae
450 2773 563 2837 lunam
588 2774 731 2837 subtexit
757 2774 884 2855 alutae3

108 2877 187 2941 felix
213 2883 319 2940 orator
342 2897 470 2961 quoque
489 2875 649 2939 maximus
675 2884 709 2940 et
732 2877 888 2942 iaculator

109 2990 151 3058 et,
179 2980 206 3044 si
225 2979 381 3066 perfrixit,
407 2988 517 3044 cantat
546 2981 637 3044 bene.
682 2979 780 3043 distat
807 2981 902 3057 enim,
930 3004 1013 3067 quae

64 3098 70 3114 '
108 3085 270 3149 siderate
298 3083 461 3169 excipiant
485 3084 580 3147 modo
606 3083 727 3169 primos
750 3084 959 3168 incipientem

108 3189 203 3252 edere
227 3188 354 3274 vagitus
380 3195 414 3252 et
438 3187 543 3251 adhuc
566 3209 586 3250 a
611 3195 715 3251 matre
737 3188 918 3253 lubentem.

108 3292 137 3357 si
160 3292 305 3356 Fortuna
327 3291 423 3369 volet,
449 3290 506 3353 fies
531 3289 571 3353 de
596 3290 724 3354 rhetore
748 3291 876 3370 consul;

108 3395 137 3459 si
158 3396 244 3460 volet
268 3395 348 3458 haec
371 3394 492 3469 eadem,
517 3392 573 3457 fies
596 3393 637 3457 de
659 3394 788 3458 consule
810 3395 925 3460 rhetor.

108 3500 281 3565 Ventidius
308 3499 385 3585 quid
416 3498 524 3563 enim?
547 3497 626 3581 quid
649 3497 794 3562 Tullius?
821 3508 904 3562 anne
925 3497 1013 3565 aliud
1037 3520 1135 3584 quam

109 3606 196 3671 sidus
219 3614 252 3670 et
274 3605 397 3670 occulti·
412 3602 559 3668 miranda
580 3602 728 3687 potentia
749 3603 829 3668 fati?

73 3710 78 3720 '
109 3711 208 3776 servis
229 3731 329 3802 regna
351 3709 484 3785 dabunt,
508 3707 643 3791 captivis
666 3707 734 3770 fata
756 3706 965 3791 triumphum

109 3815 186 3880 felix
208 3815 262 3881 ille
284 3821 396 3880 tamen
417 3834 510 3877 corvo
532 3833 661 3898 quoque
683 3810 783 3876 rarior
804 3811 885 3878 albo.
