2602 4282
654 108 767 191 VIII
1188 137 1235 242 373

172 295 266 381 quod
288 292 387 358 modo
408 287 569 378 proposui,
592 312 657 354 non
680 297 730 354 est
752 287 921 366 sententia,
946 294 1151 372 verumest3
1182 358 1187 379 -.
1230 360 1237 385 5

147 416 158 463 ’ζ
171 398 300 462 credite
323 396 485 460 merobis
508 393 622 459 folium
643 394 777 457 recitare
799 393 947 478 Sibyllae.
1149 384 1150 388 ¹

170 503 199 567 si
221 501 290 566 tibi
313 508 426 564 sancta
448 499 558 563 cohors
580 498 744 575 comitum,
768 497 796 560 si
817 519 912 560 nemo
934 498 1076 562 tribunal

169 605 291 669 vendit
316 625 538 679 aoersecomes,
562 602 590 666 si
611 602 739 667 nullum
760 601 796 667 in
818 601 952 686 coniuge
975 603 1108 688 crimen,
1230 676 1236 697 ,

169 733 233 776 nec
257 732 320 796 per
342 717 575 774 conventuset
597 717 714 773 cuncta
734 730 793 793 per
814 707 932 793 oppida
954 707 1057 772 curvis

171 813 345 898 unguibus
368 813 415 876 ire
437 819 534 896 parat
553 833 702 881 nummos
724 820 857 897 raptura
879 811 1025 887 Celaeno,

129 938 135 951 ·
168 926 208 980 tu
232 915 315 980 licet
339 936 360 981 a
381 914 456 978 Pico
479 936 630 979 numeres
653 936 763 999 genus,
788 914 918 998 altaque
942 913 970 976 si
992 921 1031 977 te
1096 984 1098 990 y
1135 951 1136 955 =

168 1018 311 1084 nomina
337 1018 508 1095 delectant,
533 1039 663 1081 omnem
689 1017 839 1080 Titanida
862 1039 1006 1102 pugnam

167 1124 262 1187 inter
288 1122 426 1185 maiores
450 1120 623 1211 ipsumque
648 1120 840 1185 Promethea
862 1142 976 1205 ponas:

169 1226 212 1290 ‹le
235 1246 445 1310 quocumque
468 1224 554 1288 voles
578 1245 734 1308 proavum
756 1224 818 1287 tibi
842 1222 960 1287 sumito
983 1221 1071 1285 libro,

135 1328 264 1414 5quod
289 1327 319 1392 si
344 1327 556 1412 praecipitem
579 1327 664 1412 rapit
690 1326 823 1390 ambitio
846 1334 945 1410 atque
969 1324 1075 1398 libido,

114 1468 117 1473 ·
169 1434 198 1497 si
219 1432 346 1516 frangis
369 1432 475 1517 virgas
502 1431 658 1495 sociorum
671 1429 718 1494 in
743 1430 907 1513 sanguine,
932 1428 1015 1492 site

170 1535 344 1599 delectant
367 1534 502 1598 hebetes
523 1533 605 1598 lasso
625 1533 736 1597 lictore
763 1554 896 1607 secures,

169 1639 292 1725 incipit
316 1639 459 1724 ipsorum
483 1646 595 1702 contra
619 1645 653 1702 te
678 1646 764 1710 stare
787 1644 958 1721 parentum
991 1716 994 1725 .

169 1743 329 1808 nobilitas
353 1743 535 1826 claramque
558 1742 662 1805 facem
686 1741 845 1825 praeferre
864 1729 1031 1825 pudendis.

133 1862 271 1913 oomne
297 1845 397 1909 animi
421 1844 537 1909 vitium
556 1851 649 1908 tanto
673 1844 872 1929 conspectius
896 1844 931 1908 in
957 1867 990 1908 se

145 1948 148 1955 ’
169 1951 299 2014 crimen
321 1949 428 2025 habet,
454 1955 575 2032 quanto
602 1948 704 2011 maior
726 1948 783 2031 qui
806 1957 917 2033 peccat
941 1948 1085 2015 habetur.

168 2075 239 2140 quo
264 2051 348 2115 mihi
371 2059 406 2116 te
431 2052 563 2116 solitum
587 2051 681 2115 falsas
707 2053 833 2137 signare
853 2053 987 2116 tabellas

167 2157 206 2220 in
235 2153 368 2238 templis
394 2175 477 2238 quae
501 2153 578 2218 fecit
604 2176 683 2217 avus
707 2163 912 2240 statuamque
935 2154 1077 2239 parentis

151 2267 250 2323 ¹ante
273 2257 528 2342 triumphalem?
558 2280 630 2342 quo,
656 2258 683 2321 si
709 2267 887 2322 nocturnus
911 2259 1041 2323 adulter

107 2362 152 2435 45
167 2372 323 2447 tempora
346 2361 520 2425 Santonico
544 2361 631 2425 velas
655 2361 811 2446 adoperta
832 2362 977 2426 cucullo?

218 2466 360 2533 Praeter
377 2465 538 2531 maiorum
559 2465 681 2530 cineres
703 2474 801 2550 atque
823 2488 894 2530 ossa
914 2465 1036 2530 volucri

166 2577 328 2656 carpento
350 2569 475 2654 rapitur
496 2569 625 2654 pinguis
647 2570 833 2646 Lateranus,
857 2569 989 2654 etipse,

166 2675 242 2760 ipse
265 2680 370 2737 rotam
392 2671 542 2756 astringit
564 2672 668 2736 multo
691 2673 870 2736 sufflamine
893 2671 1011 2747 consul,

166 2786 269 2843 nocte
292 2775 432 2861 quidem,
456 2775 512 2839 sed
534 2775 612 2839 luna
633 2776 730 2854 videt,
754 2777 809 2840 sed
832 2776 936 2840 sidera
956 2782 1055 2839 testes

108 2904 152 2973 5⁰
167 2878 352 2949 intendunt
375 2879 488 2945 oculos.
533 2879 664 2945 finitum
686 2888 814 2966 tempus
836 2879 965 2944 honoris

168 3007 250 3051 eum
273 2984 490 3060 fuerit,'cla1·a
511 2983 688 3048 lateranus
710 2985 780 3048 luce
803 2982 967 3068 flagellum

168 3094 284 3153 sumet
306 3095 340 3150 et
362 3108 527 3152 occursum
549 3109 728 3172 numquam
750 3085 924 3171 trepidabit
946 3079 1042 3149 amici

168 3193 242 3257 iam
266 3189 359 3266 senis,
382 3211 419 3255 ac
441 3190 533 3274 virga
553 3189 640 3273 prior
662 3197 785 3253 annuet
807 3197 905 3273 atque
927 3186 1086 3271 maniplos

169 3294 280 3359 solvet
302 3300 336 3356 et
354 3291 509 3356 'infirndet
530 3291 684 3356 iumentis
706 3292 826 3356 hordea
846 3289 943 3355 lassis.

87 3418 152 3491 155
169 3399 301 3462 interea
323 3395 552 3463 dumlanatas
574 3397 754 3481 robumque
776 3397 947 3460 iuvencum

111 3513 130 3523 ''
168 3523 264 3568 more
285 3500 416 3566 Numae
436 3500 543 3565 caedit
565 3501 650 3565 Iovis
672 3509 748 3564 ante
770 3500 890 3578 altaria,
912 3499 1000 3563 iurat

167 3607 276 3673 solam
300 3604 449 3689 Eponam
474 3612 509 3668 et
535 3605 632 3670 facies
653 3604 739 3669 olida
761 3604 803 3668 ad
825 3602 992 3689 praesepia
1016 3600 1127 3685 pictas.
1162 3683 1165 3691 ,

165 3709 228 3778 sed
256 3714 331 3775 cum
356 3707 525 3794 pervigiles
548 3709 655 3795 placet
681 3708 858 3774 instaurare
880 3706 1024 3792 popinas,
