<?xml version="1.0" encoding="UTF-8"?>
<!DOCTYPE html PUBLIC "-//W3C//DTD XHTML 1.0 Transitional//EN"
    "http://www.w3.org/TR/xhtml1/DTD/xhtml1-transitional.dtd">
<html xmlns="http://www.w3.org/1999/xhtml" xml:lang="en" lang="en">
 <head>
  <title>
</title>
<meta http-equiv="Content-Type" content="text/html;charset=utf-8" />
  <meta name='ocr-system' content='tesseract 3.04.00' />
  <meta name='ocr-capabilities' content='ocr_page ocr_carea ocr_par ocr_line ocrx_word'/>
</head>
<body>
  <div class='ocr_page' id='page_1' title='image "./thirteensatires00juvegoog_0014.png"; bbox 0 0 2602 4282; ppageno 0'>
   <div class='ocr_carea' id='block_1_1' title="bbox 658 213 682 290">
    <p class='ocr_par' dir='ltr' id='par_1_1' title="bbox 658 213 682 290">
     <span class='ocr_line' id='line_1_1' title="bbox 658 213 682 290; baseline 0 0"><span class='ocrx_word' id='word_1_1' title='bbox 658 213 682 290; x_wconf 92' lang='lat' dir='ltr'>I</span> 
     </span>
    </p>
   </div>
   <div class='ocr_carea' id='block_1_2' title="bbox 83 399 1136 3791">
    <p class='ocr_par' dir='ltr' id='par_1_2' title="bbox 83 399 1136 3791">
     <span class='ocr_line' id='line_1_2' title="bbox 133 399 1136 486; baseline 0.004 -20"><span class='ocrx_word' id='word_1_2' title='bbox 133 424 216 466; x_wconf 91' lang='lat' dir='ltr'><strong>oum</strong></span> <span class='ocrx_word' id='word_1_3' title='bbox 240 399 291 464; x_wconf 85' lang='lat' dir='ltr'><strong>fas</strong></span> <span class='ocrx_word' id='word_1_4' title='bbox 313 422 380 466; x_wconf 89' lang='lat' dir='ltr'><strong>esse</strong></span> <span class='ocrx_word' id='word_1_5' title='bbox 401 406 497 486; x_wconf 81' lang='lat' dir='ltr'><strong>putet</strong></span> <span class='ocrx_word' id='word_1_6' title='bbox 519 399 628 463; x_wconf 82' lang='lat' dir='ltr'><strong>curam</strong></span> <span class='ocrx_word' id='word_1_7' title='bbox 650 420 778 484; x_wconf 89' lang='lat' dir='ltr'><strong>sperare</strong></span> <span class='ocrx_word' id='word_1_8' title='bbox 800 399 945 480; x_wconf 82' lang='lat' dir='ltr'><strong>cohortis,</strong></span> <span class='ocrx_word' id='word_1_9' title='bbox 987 399 992 404; x_wconf 65' lang='grc'><strong>’</strong></span> <span class='ocrx_word' id='word_1_10' title='bbox 1035 405 1040 411; x_wconf 81' lang='grc'><strong>’</strong></span> <span class='ocrx_word' id='word_1_11' title='bbox 1131 399 1136 407; x_wconf 70' lang='grc'>’</span> 
     </span>
     <span class='ocr_line' id='line_1_3' title="bbox 134 500 964 588; baseline 0.005 -22"><span class='ocrx_word' id='word_1_12' title='bbox 134 504 197 588; x_wconf 88' lang='lat' dir='ltr'><strong>qui</strong></span> <span class='ocrx_word' id='word_1_13' title='bbox 220 503 317 566; x_wconf 87' lang='lat' dir='ltr'><strong>bona</strong></span> <span class='ocrx_word' id='word_1_14' title='bbox 330 502 461 565; x_wconf 88' lang='lat' dir='ltr'><strong>donavit</strong></span> <span class='ocrx_word' id='word_1_15' title='bbox 482 500 688 586; x_wconf 77' lang='lat' dir='ltr'><strong>praesepibus</strong></span> <span class='ocrx_word' id='word_1_16' title='bbox 712 510 745 566; x_wconf 89' lang='lat' dir='ltr'><strong>et</strong></span> <span class='ocrx_word' id='word_1_17' title='bbox 767 513 854 568; x_wconf 88' lang='lat' dir='ltr'><strong>caret</strong></span> <span class='ocrx_word' id='word_1_18' title='bbox 876 504 964 570; x_wconf 90' lang='lat' dir='ltr'><strong>omni</strong></span> 
     </span>
     <span class='ocr_line' id='line_1_4' title="bbox 87 604 974 696; baseline 0.007 -30"><span class='ocrx_word' id='word_1_19' title='bbox 87 605 122 666; x_wconf 85' lang='lat'><strong>60</strong></span> <span class='ocrx_word' id='word_1_20' title='bbox 134 606 303 670; x_wconf 89' lang='lat' dir='ltr'><strong>maiorum</strong></span> <span class='ocrx_word' id='word_1_21' title='bbox 325 627 430 681; x_wconf 90' lang='lat' dir='ltr'><strong>censu,</strong></span> <span class='ocrx_word' id='word_1_22' title='bbox 454 604 532 668; x_wconf 91' lang='lat' dir='ltr'><strong>dum</strong></span> <span class='ocrx_word' id='word_1_23' title='bbox 554 605 698 689; x_wconf 87' lang='lat' dir='ltr'><strong>pervolat</strong></span> <span class='ocrx_word' id='word_1_24' title='bbox 720 628 779 670; x_wconf 88' lang='lat' dir='ltr'><strong>axe</strong></span> <span class='ocrx_word' id='word_1_25' title='bbox 803 608 900 673; x_wconf 88' lang='lat' dir='ltr'><strong>citato</strong></span> <span class='ocrx_word' id='word_1_26' title='bbox 967 674 974 696; x_wconf 30' lang='grc' dir='ltr'><strong>ι</strong></span> 
     </span>
     <span class='ocr_line' id='line_1_5' title="bbox 135 708 1026 795; baseline 0.001 -20"><span class='ocrx_word' id='word_1_27' title='bbox 135 709 339 775; x_wconf 82' lang='lat' dir='ltr'><strong>Flaminiam</strong></span> <span class='ocrx_word' id='word_1_28' title='bbox 360 731 441 795; x_wconf 88' lang='lat' dir='ltr'><strong>puer</strong></span> <span class='ocrx_word' id='word_1_29' title='bbox 461 708 686 789; x_wconf 88' lang='lat' dir='ltr'><strong>Automedon;</strong></span> <span class='ocrx_word' id='word_1_30' title='bbox 710 732 786 773; x_wconf 90' lang='lat' dir='ltr'><strong>nam</strong></span> <span class='ocrx_word' id='word_1_31' title='bbox 808 710 876 781; x_wconf 84' lang='lat' dir='ltr'><strong>lora</strong></span> <span class='ocrx_word' id='word_1_32' title='bbox 897 711 1026 776; x_wconf 88' lang='lat' dir='ltr'><strong>tenebat</strong></span> 
     </span>
     <span class='ocr_line' id='line_1_6' title="bbox 134 813 899 900; baseline 0.001 -22"><span class='ocrx_word' id='word_1_33' title='bbox 134 815 218 900; x_wconf 87' lang='lat' dir='ltr'><strong>ipse,</strong></span> <span class='ocrx_word' id='word_1_34' title='bbox 243 813 424 878; x_wconf 77' lang='lat' dir='ltr'><strong>lacernatae</strong></span> <span class='ocrx_word' id='word_1_35' title='bbox 447 835 521 878; x_wconf 85' lang='lat' dir='ltr'><strong>oum</strong></span> <span class='ocrx_word' id='word_1_36' title='bbox 544 836 577 877; x_wconf 91' lang='lat' dir='ltr'><strong>se</strong></span> <span class='ocrx_word' id='word_1_37' title='bbox 600 813 734 878; x_wconf 89' lang='lat' dir='ltr'><strong>iactaret</strong></span> <span class='ocrx_word' id='word_1_38' title='bbox 756 814 899 879; x_wconf 81' lang='lat' dir='ltr'><strong>amicast</strong></span> 
     </span>
     <span class='ocr_line' id='line_1_7' title="bbox 136 916 899 1004; baseline 0.003 -24"><span class='ocrx_word' id='word_1_39' title='bbox 136 938 253 984; x_wconf 72' lang='lat' dir='ltr'><strong>nonne,</strong></span> <span class='ocrx_word' id='word_1_40' title='bbox 273 916 353 981; x_wconf 91' lang='lat' dir='ltr'><strong>libet</strong></span> <span class='ocrx_word' id='word_1_41' title='bbox 375 917 481 981; x_wconf 90' lang='lat' dir='ltr'><strong>medio</strong></span> <span class='ocrx_word' id='word_1_42' title='bbox 503 939 590 982; x_wconf 88' lang='lat' dir='ltr'><strong>ceras</strong></span> <span class='ocrx_word' id='word_1_43' title='bbox 613 917 747 1003; x_wconf 90' lang='lat' dir='ltr'><strong>implere</strong></span> <span class='ocrx_word' id='word_1_44' title='bbox 769 940 899 1004; x_wconf 80' lang='lat' dir='ltr'><strong>capaces</strong></span> 
     </span>
     <span class='ocr_line' id='line_1_8' title="bbox 137 1020 905 1106; baseline 0.003 -23"><span class='ocrx_word' id='word_1_45' title='bbox 137 1020 320 1106; x_wconf 82' lang='lat' dir='ltr'><strong>quadrivio,</strong></span> <span class='ocrx_word' id='word_1_46' title='bbox 345 1043 417 1085; x_wconf 88' lang='lat' dir='ltr'><strong>cum</strong></span> <span class='ocrx_word' id='word_1_47' title='bbox 439 1021 506 1084; x_wconf 91' lang='lat' dir='ltr'><strong>iam</strong></span> <span class='ocrx_word' id='word_1_48' title='bbox 528 1030 619 1086; x_wconf 88' lang='lat' dir='ltr'><strong>sexta</strong></span> <span class='ocrx_word' id='word_1_49' title='bbox 641 1022 761 1086; x_wconf 85' lang='lat' dir='ltr'><strong>cervice</strong></span> <span class='ocrx_word' id='word_1_50' title='bbox 783 1023 905 1087; x_wconf 86' lang='lat' dir='ltr'><strong>feratur</strong></span> 
     </span>
     <span class='ocr_line' id='line_1_9' title="bbox 88 1122 1040 1209; baseline 0.005 -27"><span class='ocrx_word' id='word_1_51' title='bbox 88 1122 123 1205; x_wconf 85' lang='lat'><strong>65</strong></span> <span class='ocrx_word' id='word_1_52' title='bbox 136 1123 217 1186; x_wconf 91' lang='lat' dir='ltr'><strong>hinc</strong></span> <span class='ocrx_word' id='word_1_53' title='bbox 242 1132 340 1206; x_wconf 90' lang='lat' dir='ltr'><strong>atque</strong></span> <span class='ocrx_word' id='word_1_54' title='bbox 363 1123 437 1187; x_wconf 91' lang='lat' dir='ltr'><strong>inde</strong></span> <span class='ocrx_word' id='word_1_55' title='bbox 459 1131 574 1208; x_wconf 88' lang='lat' dir='ltr'><strong>patens</strong></span> <span class='ocrx_word' id='word_1_56' title='bbox 597 1146 633 1188; x_wconf 90' lang='lat' dir='ltr'><strong>ac</strong></span> <span class='ocrx_word' id='word_1_57' title='bbox 656 1122 744 1190; x_wconf 88' lang='lat' dir='ltr'><strong>nuda</strong></span> <span class='ocrx_word' id='word_1_58' title='bbox 765 1147 867 1209; x_wconf 88' lang='lat' dir='ltr'><strong>paene</strong></span> <span class='ocrx_word' id='word_1_59' title='bbox 889 1122 1040 1189; x_wconf 85' lang='lat' dir='ltr'><strong>cathedra</strong></span> 
     </span>
     <span class='ocr_line' id='line_1_10' title="bbox 137 1211 913 1313; baseline 0 -22"><span class='ocrx_word' id='word_1_60' title='bbox 137 1235 174 1291; x_wconf 91' lang='lat' dir='ltr'><strong>et</strong></span> <span class='ocrx_word' id='word_1_61' title='bbox 196 1227 342 1289; x_wconf 91' lang='lat' dir='ltr'><strong>multum</strong></span> <span class='ocrx_word' id='word_1_62' title='bbox 364 1211 566 1292; x_wconf 44' lang='lat' dir='ltr'><strong>referens—de</strong></span> <span class='ocrx_word' id='word_1_63' title='bbox 589 1227 776 1294; x_wconf 80' lang='lat' dir='ltr'>Maecenate</span> <span class='ocrx_word' id='word_1_64' title='bbox 799 1228 913 1313; x_wconf 89' lang='lat' dir='ltr'><strong>supino</strong></span> 
     </span>
     <span class='ocr_line' id='line_1_11' title="bbox 140 1328 958 1415; baseline -0.001 -21"><span class='ocrx_word' id='word_1_65' title='bbox 140 1328 296 1415; x_wconf 87' lang='lat' dir='ltr'><strong>signator,</strong></span> <span class='ocrx_word' id='word_1_66' title='bbox 319 1330 397 1394; x_wconf 87' lang='lat' dir='ltr'><strong>falso</strong></span> <span class='ocrx_word' id='word_1_67' title='bbox 421 1330 532 1414; x_wconf 88' lang='lat' dir='ltr'><strong>quise</strong></span> <span class='ocrx_word' id='word_1_68' title='bbox 556 1331 682 1394; x_wconf 90' lang='lat' dir='ltr'><strong>lautum</strong></span> <span class='ocrx_word' id='word_1_69' title='bbox 705 1340 803 1415; x_wconf 88' lang='lat' dir='ltr'><strong>atque</strong></span> <span class='ocrx_word' id='word_1_70' title='bbox 825 1330 958 1394; x_wconf 91' lang='lat' dir='ltr'><strong>beatum</strong></span> 
     </span>
     <span class='ocr_line' id='line_1_12' title="bbox 139 1433 863 1519; baseline -0.004 -20"><span class='ocrx_word' id='word_1_71' title='bbox 139 1433 268 1519; x_wconf 80' lang='lat' dir='ltr'><strong>exiguis</strong></span> <span class='ocrx_word' id='word_1_72' title='bbox 291 1433 410 1497; x_wconf 89' lang='lat' dir='ltr'><strong>tabulis</strong></span> <span class='ocrx_word' id='word_1_73' title='bbox 433 1442 467 1496; x_wconf 88' lang='lat' dir='ltr'><strong>et</strong></span> <span class='ocrx_word' id='word_1_74' title='bbox 488 1456 617 1518; x_wconf 88' lang='lat' dir='ltr'><strong>gemma</strong></span> <span class='ocrx_word' id='word_1_75' title='bbox 638 1434 757 1497; x_wconf 88' lang='lat' dir='ltr'><strong>fecerat</strong></span> <span class='ocrx_word' id='word_1_76' title='bbox 778 1434 863 1497; x_wconf 74' lang='lat' dir='ltr'><strong>udat</strong></span> 
     </span>
     <span class='ocr_line' id='line_1_13' title="bbox 136 1536 1000 1621; baseline -0.001 -19"><span class='ocrx_word' id='word_1_77' title='bbox 136 1537 281 1602; x_wconf 86' lang='lat' dir='ltr'><strong>occurrit</strong></span> <span class='ocrx_word' id='word_1_78' title='bbox 304 1545 451 1600; x_wconf 89' lang='lat' dir='ltr'><strong>matrona</strong></span> <span class='ocrx_word' id='word_1_79' title='bbox 471 1545 595 1621; x_wconf 89' lang='lat' dir='ltr'><strong>potens,</strong></span> <span class='ocrx_word' id='word_1_80' title='bbox 619 1559 701 1620; x_wconf 87' lang='lat' dir='ltr'><strong>quae</strong></span> <span class='ocrx_word' id='word_1_81' title='bbox 723 1538 819 1601; x_wconf 88' lang='lat' dir='ltr'><strong>molle</strong></span> <span class='ocrx_word' id='word_1_82' title='bbox 842 1536 1000 1602; x_wconf 79' lang='lat' dir='ltr'><strong>Calenum</strong></span> 
     </span>
     <span class='ocr_line' id='line_1_14' title="bbox 86 1641 887 1728; baseline 0 -21"><span class='ocrx_word' id='word_1_83' title='bbox 86 1659 123 1726; x_wconf 90' lang='lat'><strong>70</strong></span> <span class='ocrx_word' id='word_1_84' title='bbox 135 1650 330 1728; x_wconf 77' lang='lat' dir='ltr'>porrectura</span> <span class='ocrx_word' id='word_1_85' title='bbox 351 1641 419 1704; x_wconf 84' lang='lat' dir='ltr'><strong>viro</strong></span> <span class='ocrx_word' id='word_1_86' title='bbox 442 1641 556 1706; x_wconf 88' lang='lat' dir='ltr'><strong>miscet</strong></span> <span class='ocrx_word' id='word_1_87' title='bbox 579 1642 708 1706; x_wconf 75' lang='lat' dir='ltr'><strong>sitiente</strong></span> <span class='ocrx_word' id='word_1_88' title='bbox 730 1643 887 1720; x_wconf 84' lang='lat' dir='ltr'><strong>rubetam,</strong></span> 
     </span>
     <span class='ocr_line' id='line_1_15' title="bbox 135 1744 1053 1832; baseline 0.004 -24"><span class='ocrx_word' id='word_1_89' title='bbox 135 1744 351 1828; x_wconf 75' lang='lat' dir='ltr'><strong>instituitque</strong></span> <span class='ocrx_word' id='word_1_90' title='bbox 373 1745 468 1810; x_wconf 84' lang='lat' dir='ltr'><strong>rudes</strong></span> <span class='ocrx_word' id='word_1_91' title='bbox 490 1746 603 1810; x_wconf 89' lang='lat' dir='ltr'><strong>melior</strong></span> <span class='ocrx_word' id='word_1_92' title='bbox 626 1747 765 1811; x_wconf 82' lang='lat' dir='ltr'><strong>Lucusta</strong></span> <span class='ocrx_word' id='word_1_93' title='bbox 785 1748 981 1832; x_wconf 85' lang='lat' dir='ltr'><strong>propinquas</strong></span> <span class='ocrx_word' id='word_1_94' title='bbox 1052 1808 1053 1812; x_wconf 75' lang='grc'>,</span> 
     </span>
     <span class='ocr_line' id='line_1_16' title="bbox 135 1847 1005 1934; baseline 0.002 -24"><span class='ocrx_word' id='word_1_95' title='bbox 135 1871 196 1934; x_wconf 92' lang='lat' dir='ltr'><strong>per</strong></span> <span class='ocrx_word' id='word_1_96' title='bbox 219 1847 344 1911; x_wconf 84' lang='lat' dir='ltr'><strong>famam</strong></span> <span class='ocrx_word' id='word_1_97' title='bbox 366 1857 401 1912; x_wconf 89' lang='lat' dir='ltr'><strong>et</strong></span> <span class='ocrx_word' id='word_1_98' title='bbox 422 1850 579 1934; x_wconf 90' lang='lat' dir='ltr'><strong>populum</strong></span> <span class='ocrx_word' id='word_1_99' title='bbox 602 1849 708 1933; x_wconf 82' lang='lat' dir='ltr'><strong>nigros</strong></span> <span class='ocrx_word' id='word_1_100' title='bbox 732 1849 843 1912; x_wconf 87' lang='lat' dir='ltr'><strong>efferre</strong></span> <span class='ocrx_word' id='word_1_101' title='bbox 866 1849 1005 1913; x_wconf 85' lang='lat' dir='ltr'><strong>maritos</strong></span> 
     </span>
     <span class='ocr_line' id='line_1_17' title="bbox 136 1949 1050 2035; baseline 0 -21"><span class='ocrx_word' id='word_1_102' title='bbox 136 1951 223 2014; x_wconf 87' lang='lat' dir='ltr'><strong>aude</strong></span> <span class='ocrx_word' id='word_1_103' title='bbox 250 1949 374 2034; x_wconf 90' lang='lat' dir='ltr'><strong>aliquid</strong></span> <span class='ocrx_word' id='word_1_104' title='bbox 396 1951 547 2015; x_wconf 82' lang='lat' dir='ltr'><strong>brevibus</strong></span> <span class='ocrx_word' id='word_1_105' title='bbox 570 1951 683 2035; x_wconf 81' lang='lat' dir='ltr'><strong>Gyaris</strong></span> <span class='ocrx_word' id='word_1_106' title='bbox 706 1960 739 2016; x_wconf 90' lang='lat' dir='ltr'><strong>et</strong></span> <span class='ocrx_word' id='word_1_107' title='bbox 762 1974 884 2016; x_wconf 88' lang='lat' dir='ltr'><strong>carcere</strong></span> <span class='ocrx_word' id='word_1_108' title='bbox 907 1951 1050 2035; x_wconf 82' lang='lat' dir='ltr'><strong>dignum,</strong></span> 
     </span>
     <span class='ocr_line' id='line_1_18' title="bbox 133 2052 1116 2138; baseline -0.002 -20"><span class='ocrx_word' id='word_1_109' title='bbox 133 2054 240 2118; x_wconf 80' lang='lat' dir='ltr'><strong>siris</strong></span> <span class='ocrx_word' id='word_1_110' title='bbox 264 2076 332 2117; x_wconf 86' lang='lat' dir='ltr'><strong>esse</strong></span> <span class='ocrx_word' id='word_1_111' title='bbox 354 2054 483 2138; x_wconf 89' lang='lat' dir='ltr'><strong>aliquid.</strong></span> <span class='ocrx_word' id='word_1_112' title='bbox 507 2054 649 2138; x_wconf 85' lang='lat' dir='ltr'><strong>probitas</strong></span> <span class='ocrx_word' id='word_1_113' title='bbox 672 2054 821 2118; x_wconf 86' lang='lat' dir='ltr'><strong>laudatur</strong></span> <span class='ocrx_word' id='word_1_114' title='bbox 844 2062 877 2117; x_wconf 89' lang='lat' dir='ltr'><strong>et</strong></span> <span class='ocrx_word' id='word_1_115' title='bbox 899 2053 993 2138; x_wconf 87' lang='lat' dir='ltr'><strong>alget.</strong></span> <span class='ocrx_word' id='word_1_116' title='bbox 1114 2052 1116 2057; x_wconf 77' lang='grc'><strong>’</strong></span> 
     </span>
     <span class='ocr_line' id='line_1_19' title="bbox 83 2155 934 2241; baseline -0.002 -19"><span class='ocrx_word' id='word_1_117' title='bbox 83 2168 120 2235; x_wconf 79' lang='lat'><strong>75</strong></span> <span class='ocrx_word' id='word_1_118' title='bbox 135 2155 332 2222; x_wconf 87' lang='lat' dir='ltr'><strong>criminibus</strong></span> <span class='ocrx_word' id='word_1_119' title='bbox 354 2156 473 2219; x_wconf 92' lang='lat' dir='ltr'><strong>debent</strong></span> <span class='ocrx_word' id='word_1_120' title='bbox 495 2156 605 2222; x_wconf 88' lang='lat' dir='ltr'><strong>hortos</strong></span> <span class='ocrx_word' id='word_1_121' title='bbox 627 2156 786 2241; x_wconf 87' lang='lat' dir='ltr'><strong>praetoria</strong></span> <span class='ocrx_word' id='word_1_122' title='bbox 807 2177 934 2220; x_wconf 87' lang='lat' dir='ltr'><strong>mensas</strong></span> 
     </span>
     <span class='ocr_line' id='line_1_20' title="bbox 134 2254 1064 2343; baseline -0.003 -20"><span class='ocrx_word' id='word_1_123' title='bbox 134 2265 317 2343; x_wconf 86' lang='lat' dir='ltr'><strong>argentum</strong></span> <span class='ocrx_word' id='word_1_124' title='bbox 338 2268 432 2323; x_wconf 82' lang='lat' dir='ltr'><strong>vetus</strong></span> <span class='ocrx_word' id='word_1_125' title='bbox 455 2268 488 2322; x_wconf 89' lang='lat' dir='ltr'><strong>et</strong></span> <span class='ocrx_word' id='word_1_126' title='bbox 511 2267 653 2324; x_wconf 89' lang='lat' dir='ltr'><strong>stantem</strong></span> <span class='ocrx_word' id='word_1_127' title='bbox 676 2269 769 2323; x_wconf 88' lang='lat' dir='ltr'><strong>extra</strong></span> <span class='ocrx_word' id='word_1_128' title='bbox 789 2254 903 2343; x_wconf 87' lang='lat' dir='ltr'><strong>pocula</strong></span> <span class='ocrx_word' id='word_1_129' title='bbox 925 2278 1064 2342; x_wconf 88' lang='lat' dir='ltr'><strong>caprum.</strong></span> 
     </span>
     <span class='ocr_line' id='line_1_21' title="bbox 136 2346 1001 2449; baseline -0.001 -23"><span class='ocrx_word' id='word_1_130' title='bbox 136 2384 243 2449; x_wconf 91' lang='lat' dir='ltr'><strong>quem</strong></span> <span class='ocrx_word' id='word_1_131' title='bbox 264 2361 389 2446; x_wconf 87' lang='lat' dir='ltr'><strong>patitur</strong></span> <span class='ocrx_word' id='word_1_132' title='bbox 410 2361 547 2427; x_wconf 88' lang='lat' dir='ltr'><strong>dormire</strong></span> <span class='ocrx_word' id='word_1_133' title='bbox 570 2387 670 2427; x_wconf 90' lang='lat' dir='ltr'><strong>nurus</strong></span> <span class='ocrx_word' id='word_1_134' title='bbox 692 2346 856 2448; x_wconf 83' lang='lat' dir='ltr'><strong>corruptor</strong></span> <span class='ocrx_word' id='word_1_135' title='bbox 878 2384 1001 2438; x_wconf 85' lang='lat' dir='ltr'><strong>avarae,</strong></span> 
     </span>
     <span class='ocr_line' id='line_1_22' title="bbox 136 2465 1002 2553; baseline 0.001 -24"><span class='ocrx_word' id='word_1_136' title='bbox 136 2487 245 2553; x_wconf 92' lang='lat' dir='ltr'><strong>quem</strong></span> <span class='ocrx_word' id='word_1_137' title='bbox 266 2487 399 2549; x_wconf 87' lang='lat' dir='ltr'><strong>sponsae</strong></span> <span class='ocrx_word' id='word_1_138' title='bbox 422 2473 533 2550; x_wconf 84' lang='lat' dir='ltr'><strong>turpes</strong></span> <span class='ocrx_word' id='word_1_139' title='bbox 557 2475 590 2530; x_wconf 86' lang='lat' dir='ltr'><strong>et</strong></span> <span class='ocrx_word' id='word_1_140' title='bbox 612 2475 831 2551; x_wconf 87' lang='lat' dir='ltr'><strong>praetextatus</strong></span> <span class='ocrx_word' id='word_1_141' title='bbox 855 2465 1002 2530; x_wconf 64' lang='lat' dir='ltr'><strong>adulter?</strong></span> 
     </span>
     <span class='ocr_line' id='line_1_23' title="bbox 136 2570 948 2655; baseline -0.002 -21"><span class='ocrx_word' id='word_1_142' title='bbox 136 2571 169 2635; x_wconf 89' lang='lat' dir='ltr'><strong>si</strong></span> <span class='ocrx_word' id='word_1_143' title='bbox 191 2576 311 2633; x_wconf 87' lang='lat' dir='ltr'><strong>natura</strong></span> <span class='ocrx_word' id='word_1_144' title='bbox 332 2578 439 2654; x_wconf 84' lang='lat' dir='ltr'><strong>negat,</strong></span> <span class='ocrx_word' id='word_1_145' title='bbox 463 2571 540 2634; x_wconf 86' lang='lat' dir='ltr'><strong>facit</strong></span> <span class='ocrx_word' id='word_1_146' title='bbox 563 2570 742 2655; x_wconf 84' lang='lat' dir='ltr'><strong>indignatio</strong></span> <span class='ocrx_word' id='word_1_147' title='bbox 765 2591 893 2634; x_wconf 82' lang='lat' dir='ltr'><strong>versum</strong></span> <span class='ocrx_word' id='word_1_148' title='bbox 944 2583 948 2590; x_wconf 91' lang='lat'>&#39;</span> 
     </span>
     <span class='ocr_line' id='line_1_24' title="bbox 83 2671 1029 2760; baseline -0.002 -23"><span class='ocrx_word' id='word_1_149' title='bbox 83 2681 124 2744; x_wconf 87' lang='lat'><strong>80</strong></span> <span class='ocrx_word' id='word_1_150' title='bbox 139 2673 400 2760; x_wconf 79' lang='lat' dir='ltr'><strong>qualemcrmque</strong></span> <span class='ocrx_word' id='word_1_151' title='bbox 423 2682 537 2758; x_wconf 88' lang='lat' dir='ltr'><strong>potest,</strong></span> <span class='ocrx_word' id='word_1_152' title='bbox 562 2674 671 2758; x_wconf 91' lang='lat' dir='ltr'><strong>quales</strong></span> <span class='ocrx_word' id='word_1_153' title='bbox 695 2695 752 2756; x_wconf 84' lang='lat' dir='ltr'><strong>ego</strong></span> <span class='ocrx_word' id='word_1_154' title='bbox 774 2671 826 2735; x_wconf 87' lang='lat' dir='ltr'><strong>vel</strong></span> <span class='ocrx_word' id='word_1_155' title='bbox 849 2671 1029 2736; x_wconf 83' lang='lat' dir='ltr'><strong>Olurienus.</strong></span> 
     </span>
     <span class='ocr_line' id='line_1_25' title="bbox 208 2764 1034 2860; baseline -0.004 -21"><span class='ocrx_word' id='word_1_156' title='bbox 208 2775 260 2839; x_wconf 84' lang='lat' dir='ltr'><strong>Ex</strong></span> <span class='ocrx_word' id='word_1_157' title='bbox 283 2798 344 2860; x_wconf 87' lang='lat' dir='ltr'><strong>quo</strong></span> <span class='ocrx_word' id='word_1_158' title='bbox 367 2776 544 2839; x_wconf 85' lang='lat' dir='ltr'><strong>Deucalion</strong></span> <span class='ocrx_word' id='word_1_159' title='bbox 566 2764 684 2840; x_wconf 88' lang='lat' dir='ltr'><strong>nimbis</strong></span> <span class='ocrx_word' id='word_1_160' title='bbox 707 2775 893 2840; x_wconf 86' lang='lat' dir='ltr'><strong>tollentibus</strong></span> <span class='ocrx_word' id='word_1_161' title='bbox 916 2796 1034 2858; x_wconf 87' lang='lat' dir='ltr'><strong>aequor</strong></span> 
     </span>
     <span class='ocr_line' id='line_1_26' title="bbox 137 2877 966 2963; baseline -0.004 -20"><span class='ocrx_word' id='word_1_162' title='bbox 137 2879 273 2963; x_wconf 86' lang='lat' dir='ltr'><strong>navigio</strong></span> <span class='ocrx_word' id='word_1_163' title='bbox 296 2885 441 2941; x_wconf 90' lang='lat' dir='ltr'><strong>montem</strong></span> <span class='ocrx_word' id='word_1_164' title='bbox 463 2878 606 2943; x_wconf 86' lang='lat' dir='ltr'><strong>ascendit</strong></span> <span class='ocrx_word' id='word_1_165' title='bbox 629 2887 792 2963; x_wconf 88' lang='lat' dir='ltr'><strong>sortesque</strong></span> <span class='ocrx_word' id='word_1_166' title='bbox 814 2877 966 2962; x_wconf 82' lang='lat' dir='ltr'><strong>poposcit,</strong></span> 
     </span>
     <span class='ocr_line' id='line_1_27' title="bbox 136 2981 924 3071; baseline -0.001 -25"><span class='ocrx_word' id='word_1_167' title='bbox 136 2981 366 3071; x_wconf 85' lang='lat' dir='ltr'><strong>paulatimque</strong></span> <span class='ocrx_word' id='word_1_168' title='bbox 389 2982 497 3045; x_wconf 85' lang='lat' dir='ltr'><strong>anima</strong></span> <span class='ocrx_word' id='word_1_169' title='bbox 519 2982 686 3046; x_wconf 87' lang='lat' dir='ltr'><strong>caluerunt</strong></span> <span class='ocrx_word' id='word_1_170' title='bbox 708 2983 818 3045; x_wconf 88' lang='lat' dir='ltr'><strong>mollia</strong></span> <span class='ocrx_word' id='word_1_171' title='bbox 840 3004 924 3060; x_wconf 87' lang='lat' dir='ltr'><strong>saxa,</strong></span> 
     </span>
     <span class='ocr_line' id='line_1_28' title="bbox 137 3084 903 3170; baseline -0.007 -17"><span class='ocrx_word' id='word_1_172' title='bbox 137 3097 174 3153; x_wconf 89' lang='lat' dir='ltr'><strong>et</strong></span> <span class='ocrx_word' id='word_1_173' title='bbox 198 3084 342 3148; x_wconf 88' lang='lat' dir='ltr'><strong>maribus</strong></span> <span class='ocrx_word' id='word_1_174' title='bbox 364 3084 466 3148; x_wconf 87' lang='lat' dir='ltr'><strong>nudas</strong></span> <span class='ocrx_word' id='word_1_175' title='bbox 490 3085 629 3149; x_wconf 89' lang='lat' dir='ltr'><strong>ostendit</strong></span> <span class='ocrx_word' id='word_1_176' title='bbox 652 3086 752 3170; x_wconf 84' lang='lat' dir='ltr'><strong>Pyrra</strong></span> <span class='ocrx_word' id='word_1_177' title='bbox 773 3085 903 3170; x_wconf 88' lang='lat' dir='ltr'><strong>puellas,</strong></span> 
     </span>
     <span class='ocr_line' id='line_1_29' title="bbox 85 3184 1095 3273; baseline -0.005 -21"><span class='ocrx_word' id='word_1_178' title='bbox 85 3191 121 3270; x_wconf 87' lang='grc'><strong>85</strong></span> <span class='ocrx_word' id='word_1_179' title='bbox 138 3185 303 3273; x_wconf 89' lang='lat' dir='ltr'><strong>quidquid</strong></span> <span class='ocrx_word' id='word_1_180' title='bbox 326 3193 426 3270; x_wconf 85' lang='lat' dir='ltr'><strong>agunt</strong></span> <span class='ocrx_word' id='word_1_181' title='bbox 448 3186 603 3264; x_wconf 89' lang='lat' dir='ltr'><strong>homines,</strong></span> <span class='ocrx_word' id='word_1_182' title='bbox 627 3196 738 3251; x_wconf 88' lang='lat' dir='ltr'><strong>votum</strong></span> <span class='ocrx_word' id='word_1_183' title='bbox 761 3189 857 3249; x_wconf 90' lang='lat' dir='ltr'><strong>timor</strong></span> <span class='ocrx_word' id='word_1_184' title='bbox 878 3186 926 3249; x_wconf 88' lang='lat' dir='ltr'><strong>ira</strong></span> <span class='ocrx_word' id='word_1_185' title='bbox 947 3184 1095 3266; x_wconf 84' lang='lat' dir='ltr'><strong>voluptas</strong></span> 
     </span>
     <span class='ocr_line' id='line_1_30' title="bbox 136 3289 917 3378; baseline -0.001 -24"><span class='ocrx_word' id='word_1_186' title='bbox 136 3289 263 3378; x_wconf 86' lang='lat' dir='ltr'><strong>gaudia</strong></span> <span class='ocrx_word' id='word_1_187' title='bbox 287 3289 444 3353; x_wconf 88' lang='lat' dir='ltr'><strong>discursus</strong></span> <span class='ocrx_word' id='word_1_188' title='bbox 467 3291 568 3354; x_wconf 89' lang='lat' dir='ltr'><strong>nostri</strong></span> <span class='ocrx_word' id='word_1_189' title='bbox 591 3291 713 3374; x_wconf 83' lang='lat' dir='ltr'><strong>farrago</strong></span> <span class='ocrx_word' id='word_1_190' title='bbox 736 3289 838 3352; x_wconf 90' lang='lat' dir='ltr'><strong>libelli</strong></span> <span class='ocrx_word' id='word_1_191' title='bbox 861 3297 917 3353; x_wconf 87' lang='lat' dir='ltr'><strong>est.</strong></span> 
     </span>
     <span class='ocr_line' id='line_1_31' title="bbox 138 3389 935 3478; baseline -0.005 -20"><span class='ocrx_word' id='word_1_192' title='bbox 138 3402 175 3458; x_wconf 88' lang='lat' dir='ltr'><strong>et</strong></span> <span class='ocrx_word' id='word_1_193' title='bbox 199 3391 329 3478; x_wconf 90' lang='lat' dir='ltr'><strong>quando</strong></span> <span class='ocrx_word' id='word_1_194' title='bbox 352 3393 479 3456; x_wconf 86' lang='lat' dir='ltr'><strong>uberior</strong></span> <span class='ocrx_word' id='word_1_195' title='bbox 500 3392 652 3456; x_wconf 83' lang='lat' dir='ltr'><strong>vitiorum</strong></span> <span class='ocrx_word' id='word_1_196' title='bbox 676 3392 787 3476; x_wconf 77' lang='lat' dir='ltr'><strong>sopiat</strong></span> <span class='ocrx_word' id='word_1_197' title='bbox 809 3389 935 3475; x_wconf 89' lang='lat' dir='ltr'><strong>quando</strong></span> 
     </span>
     <span class='ocr_line' id='line_1_32' title="bbox 138 3494 925 3581; baseline -0.004 -20"><span class='ocrx_word' id='word_1_198' title='bbox 138 3496 247 3561; x_wconf 91' lang='lat' dir='ltr'><strong>maior</strong></span> <span class='ocrx_word' id='word_1_199' title='bbox 270 3495 423 3564; x_wconf 85' lang='lat' dir='ltr'><strong>avaritiae</strong></span> <span class='ocrx_word' id='word_1_200' title='bbox 444 3497 553 3581; x_wconf 85' lang='lat' dir='ltr'><strong>patuit</strong></span> <span class='ocrx_word' id='word_1_201' title='bbox 575 3496 684 3560; x_wconf 79' lang='lat' dir='ltr'><strong>sinust</strong></span> <span class='ocrx_word' id='word_1_202' title='bbox 707 3496 777 3559; x_wconf 87' lang='lat' dir='ltr'><strong>alea</strong></span> <span class='ocrx_word' id='word_1_203' title='bbox 799 3494 925 3579; x_wconf 91' lang='lat' dir='ltr'><strong>quando</strong></span> 
     </span>
     <span class='ocr_line' id='line_1_33' title="bbox 138 3597 1079 3684; baseline -0.01 -18"><span class='ocrx_word' id='word_1_204' title='bbox 138 3602 201 3666; x_wconf 89' lang='lat' dir='ltr'><strong>hos</strong></span> <span class='ocrx_word' id='word_1_205' title='bbox 226 3600 371 3663; x_wconf 75' lang='lat' dir='ltr'><strong>animos?</strong></span> <span class='ocrx_word' id='word_1_206' title='bbox 393 3621 499 3684; x_wconf 85' lang='lat' dir='ltr'><strong>neque</strong></span> <span class='ocrx_word' id='word_1_207' title='bbox 521 3600 609 3664; x_wconf 91' lang='lat' dir='ltr'><strong>enim</strong></span> <span class='ocrx_word' id='word_1_208' title='bbox 631 3599 741 3663; x_wconf 89' lang='lat' dir='ltr'><strong>loculis</strong></span> <span class='ocrx_word' id='word_1_209' title='bbox 764 3597 992 3663; x_wconf 87' lang='lat' dir='ltr'><strong>comitantibus</strong></span> <span class='ocrx_word' id='word_1_210' title='bbox 1013 3597 1079 3662; x_wconf 88' lang='lat' dir='ltr'><strong>itur</strong></span> 
     </span>
     <span class='ocr_line' id='line_1_34' title="bbox 83 3702 930 3791; baseline -0.005 -20"><span class='ocrx_word' id='word_1_211' title='bbox 83 3725 124 3791; x_wconf 86' lang='lat'><strong>90</strong></span> <span class='ocrx_word' id='word_1_212' title='bbox 138 3705 184 3770; x_wconf 89' lang='lat' dir='ltr'><strong>ad</strong></span> <span class='ocrx_word' id='word_1_213' title='bbox 207 3723 319 3767; x_wconf 85' lang='lat' dir='ltr'><strong>casum</strong></span> <span class='ocrx_word' id='word_1_214' title='bbox 340 3703 479 3780; x_wconf 87' lang='lat' dir='ltr'><strong>tabulae,</strong></span> <span class='ocrx_word' id='word_1_215' title='bbox 502 3704 608 3789; x_wconf 88' lang='lat' dir='ltr'><strong>posita</strong></span> <span class='ocrx_word' id='word_1_216' title='bbox 629 3702 685 3769; x_wconf 89' lang='lat' dir='ltr'><strong>sed</strong></span> <span class='ocrx_word' id='word_1_217' title='bbox 707 3702 830 3766; x_wconf 90' lang='lat' dir='ltr'><strong>luditur</strong></span> <span class='ocrx_word' id='word_1_218' title='bbox 851 3722 930 3767; x_wconf 54' lang='lat' dir='ltr'><strong>arca„</strong></span> 
     </span>
    </p>
   </div>
   <div class='ocr_carea' id='block_1_3' title="bbox 135 3801 1063 3960">
    <p class='ocr_par' dir='ltr' id='par_1_3' title="bbox 135 3801 1063 3960">
     <span class='ocr_line' id='line_1_35' title="bbox 135 3801 1063 3960; baseline -0.002 -93"><span class='ocrx_word' id='word_1_219' title='bbox 135 3802 266 3893; x_wconf 89' lang='lat' dir='ltr'><strong>proelia</strong></span> <span class='ocrx_word' id='word_1_220' title='bbox 288 3812 411 3889; x_wconf 87' lang='lat' dir='ltr'><strong>quanta</strong></span> <span class='ocrx_word' id='word_1_221' title='bbox 433 3807 498 3872; x_wconf 90' lang='lat' dir='ltr'><strong>illic</strong></span> <span class='ocrx_word' id='word_1_222' title='bbox 521 3808 737 3892; x_wconf 87' lang='lat' dir='ltr'><strong>dispensatore</strong></span> <span class='ocrx_word' id='word_1_223' title='bbox 760 3801 882 3870; x_wconf 82' lang='lat' dir='ltr'><strong>videbis</strong></span> <span class='ocrx_word' id='word_1_224' title='bbox 980 3898 997 3960; x_wconf 74' lang='grc'>1</span> <span class='ocrx_word' id='word_1_225' title='bbox 1044 3893 1063 3954; x_wconf 64' lang='grc'>2</span> 
     </span>
    </p>
   </div>
   <div class='ocr_carea' id='block_1_4' title="bbox 0 0 1306 4282">
    <p class='ocr_par' dir='ltr' id='par_1_4' title="bbox 0 0 1306 4282">
     <span class='ocr_line' id='line_1_36' title="bbox 0 0 1306 4282; baseline 0 0"><span class='ocrx_word' id='word_1_226' title='bbox 0 0 1306 4282; x_wconf 95' lang='lat' dir='ltr'><strong> </strong></span> 
     </span>
    </p>
   </div>
  </div>
 </body>
</html>
