2550 4266
645 222 690 302 X-
1139 234 1193 325 513

142 399 270 486 corporis
294 388 463 484 omatum{
489 402 568 490 quid
593 402 681 469 enim
706 392 774 469 ulla
797 384 966 491 'negaverit
988 405 1062 473 udis

140 501 321 589 inguinibus
348 507 415 572 sive
437 514 486 572 est
510 508 589 572 haec
613 507 727 598 Oppia,
754 507 821 572 sive
847 507 976 573 Catulla

138 604 292 672 deteriori
314 617 399 672 totos
422 610 521 674 habet
544 611 610 675 illic
635 611 756 675 semina
777 618 889 676 mores.

136 711 205 774 ‘sed
224 719 312 777 casto
336 712 414 798 quid
438 713 540 777 forma
563 713 687 778 nocetl'
731 714 810 800 quid
832 714 952 800 profuit
977 716 1076 804 immo

79 813 311 902 25Hippolyto
335 838 431 901 grave
456 817 665 902 propositum,
689 818 768 904 quid
793 818 1053 904 Bellerophonti?

134 919 262 983 embuit
287 942 404 1004 nempe
429 921 489 985 hac
514 943 573 986 ceu
599 921 745 987 fastidita
770 923 899 1008 repulsa

132 1042 189 1087 uec
214 1022 419 1088 Stheneboea
440 1023 548 1089 minus
574 1048 672 1111 quam
696 1025 807 1090 Cressa
833 1027 1013 1105 excanduit,
1035 1036 1069 1094 et
1093 1053 1126 1095 se

133 1135 315 1192 concussere
341 1129 462 1193 ambae.
506 1128 624 1192 mulier
646 1129 831 1193 saevissima
856 1137 935 1219 tunc
959 1138 1016 1206 est,

133 1251 202 1295 cum
228 1230 374 1295 stimulos
398 1231 471 1296 odio
493 1231 598 1316 pudor
622 1231 782 1296 admovet.
828 1231 918 1323 elige,
946 1233 1099 1319 quidnam

80 1334 330 1408 30suadendum
354 1357 422 1400 esse
447 1344 550 1420 putes,
576 1335 627 1401 cui
653 1336 774 1400 nubere
802 1334 944 1401 Caesaris
969 1360 1050 1402 uxor

133 1438 278 1504 destinat.
323 1441 463 1525 optimus
487 1441 540 1505 hic
566 1448 599 1505 et
622 1439 868 1506 formosissimus
893 1440 979 1505 idem

130 1543 234 1626 gentis
255 1543 410 1629 patriciae
433 1543 560 1629 rapitur
586 1543 685 1608 miser
707 1543 958 1628 exstinguendus

131 1643 318 1711 Messalinae
342 1646 456 1727 oculis;
481 1647 604 1711 dudum
631 1646 720 1711 sedet
740 1647 797 1710 illa
822 1655 934 1732 parato

128 1748 308 1814 flammeolo
333 1750 513 1836 Tyriusque
532 1751 641 1835 palam
666 1749 800 1835 genialis
826 1749 861 1813 in
885 1749 986 1815 hortis

79 1859 113 1930 35
128 1855 289 1932 sternitur,
314 1862 347 1920 et
372 1853 439 1918 ritu
465 1854 569 1918 decies
595 1861 731 1918 centena
754 1854 918 1918 dabuntur

128 1958 270 2044 antiquo,
293 1959 403 2024 veniet
426 1981 500 2024 cum
526 1958 741 2043 signatoribus
763 1980 892 2044 auspex.

127 2060 206 2125 haec
228 2069 267 2125 tu
293 2068 414 2125 secreta
440 2068 474 2125 et
497 2059 607 2146 paucis
633 2057 801 2123 commissa
822 2060 980 2144 putabas?

127 2187 191 2229 non
214 2163 277 2247 nisi
300 2165 455 2250 legitime·
470 2164 541 2227 vult
566 2163 696 2228 nubere.
741 2164 820 2249 quid
844 2155 978 2248 placeat,
1004 2165 1070 2245 dic;
1164 2154 1190 2226 .’

127 2269 162 2332 ni
183 2291 296 2355 parere
320 2267 407 2346 velis,
431 2267 633 2352 pereundum
657 2266 719 2332 erit
744 2276 819 2331 ante
842 2267 1004 2349 lucernas3

79 2384 113 2434 Ω
127 2373 153 2436 si
172 2373 274 2437 scelus
297 2371 458 2448 admittas,
483 2370 616 2435 dabitur
638 2392 727 2434 mora
749 2370 891 2456 parvula,
917 2371 994 2436 dum
1017 2394 1068 2436 res

126 2484 204 2540 nota
226 2474 299 2539 urbi
321 2482 356 2539 et
378 2475 497 2559 populo
524 2473 689 2558 contingat
712 2473 864 2559 principis
890 2497 1008 2541 aurem.

123 2576 263 2643 dedecus
289 2578 343 2642 ille
370 2577 482 2643 domus
508 2578 587 2642 sciet
612 2573 755 2642 ultimus.
802 2577 924 2643 interea
943 2587 981 2643 tu

127 2683 299 2768 obsequere
325 2681 468 2766 imperio,
493 2680 520 2744 si
543 2681 629 2745 tanti
653 2681 722 2745 vita
747 2681 871 2746 dierum

123 2809 306 2872 paucorum.
351 2786 508 2872 quidquid
530 2787 632 2851 levius
658 2788 837 2873 meliusque
865 2787 997 2871 putaris,

79 2897 110 2970 {5
123 2888 307 2974 praebenda
332 2896 381 2954 est
403 2889 509 2973 gladio
534 2889 669 2975 pulchra
693 2889 773 2953 haec
796 2895 829 2951 et
855 2888 990 2952 candida
1016 2889 1127 2953 cervix.

167 2992 245 3056 ‘Nil
270 3014 346 3078 ergo
368 2992 526 3076 optabunt
550 2989 735 3055 hominesl'
779 2989 806 3054 si
829 2990 996 3054 consilium
1022 2991 1078 3066 vis,

122 3096 293 3182 permittes
315 3095 392 3181 ipsis
418 3095 598 3180 expendere
618 3093 814 3170 numinibus,
837 3093 915 3178 quid

123 3198 293 3263 conveniat
315 3198 407 3263 nobis
433 3199 590 3283 rebusque
615 3198 657 3262 sit
680 3197 762 3262 utile
788 3196 914 3262 nostris.

122 3325 199 3366 nam
221 3323 280 3386 pro
302 3300 451 3366 iucundis
474 3302 641 3386 aptissima
664 3323 810 3388 quaeque
838 3301 962 3364 dabunt
987 3299 1027 3364 di.

79 3421 108 3482 to
122 3404 224 3468 carior
247 3410 295 3467 est
315 3403 378 3467 illis
404 3404 508 3481 home,
538 3425 636 3490 quam
659 3404 726 3470 sibi.
770 3426 828 3468 nos
849 3403 1027 3467 animorum

121 3506 252 3593 inpulsu
279 3514 312 3571 et
335 3531 427 3574 caeca
451 3530 633 3595 magnaque
659 3508 809 3594 cupidine
836 3506 925 3571 ducti

122 3607 466 3699 coniugium'petimus
492 3623 687 3700 partumque
712 3613 820 3677 uxoris
827 3637 835 3693 ;
859 3619 893 3676 at
920 3609 984 3675 illis

121 3724 245 3794 notum,
271 3713 328 3801 qui
352 3717 445 3801 pueri
468 3718 634 3803 qualisque
659 3717 769 3782 futura
794 3715 836 3780 sit
859 3735 946 3778 uxor.

121 3828 159 3887 ut
183 3829 295 3886 tamen
321 3828 355 3886 et
378 3843 488 3908 poscas
511 3820 633 3908 aliquid
654 3843 833 3906 voveasque
856 3817 978 3884 sacellis

997 3921 1080 3987 4-a
