2550 4266
115 205 148 292 χ8
250 233 252 237 ·
609 198 615 238 ²
626 197 696 276 III

125 404 215 446 carus
237 381 298 447 erit
320 381 421 459 Verri,
445 383 502 467 qui
523 381 658 447 Verrem
680 385 832 469 tempore
847 382 1018 502 quovult·
1055 407 1058 412 ·
1093 404 1102 409 ’·
1158 404 1165 414 ·

124 509 271 552 accusare
282 496 407 572 potest.
450 487 537 551 tanti
558 488 629 552 tibi
641 510 706 551 non
728 488 771 552 sit
793 489 884 574 opaci

125 590 228 655 omnis
249 590 371 655 harena
392 589 472 674 Ta'gi
494 591 675 674 quodque
667 613 702 654 m
723 600 812 656 mare
834 592 974 658 volvitur
995 597 1117 671 auruin,
1157 611 1235 681 55

124 701 163 756 ut
184 714 295 756 somno
318 715 424 757 careas
445 693 660 778 ponendaque
681 696 826 779 praemia
847 719 954 762 sumas

124 796 224 860 tristis
246 806 281 861 et
302 819 322 860 a
341 820 460 882 magno
483 820 609 882 semper
630 799 773 862 timearis
796 800 906 866 amico.

190 901 280 979 Quae
302 922 388 963 nunc
411 898 565 963 divitibus
587 922 665 984 gens
687 901 908 986 acceptissima
928 903 1044 969 nostris
1080 922 1083 927 ’

124 1013 158 1068 et
181 1026 260 1088 quos
282 1002 452 1088 praecipue
469 1003 605 1088 fugiam,
628 1006 804 1089 properabo
826 1005 929 1083 fateri,

124 1128 183 1170 nec
205 1105 307 1191 pudor
329 1106 476 1171 obstabit.
521 1128 586 1170 non
607 1129 738 1191 possum
758 1106 849 1184 ferre,
873 1105 1022 1187 Quirites,
1165 1143 1167 1147 ·
1192 1116 1234 1176 60

124 1209 279 1274 Graecam
300 1210 421 1273 urbem.
466 1209 613 1293 quamvis
636 1219 734 1294 quota
755 1209 860 1296 portio
882 1211 977 1274 faecis
998 1211 1168 1276 Achaei?

123 1312 189 1376 iarn
210 1312 335 1398 pridem
355 1305 455 1397 Syrus
476 1313 511 1375 in
534 1312 676 1377 Tiberim
698 1315 835 1380 defluxit
857 1315 1000 1393 Orontes,

124 1424 157 1478 et
179 1415 323 1499 linguam
347 1423 379 1478 et
401 1436 505 1478 mores
527 1423 561 1479 et
584 1437 657 1478 cum
680 1417 811 1481 tibicine
833 1416 965 1481 chordas
1048 1444 1050 1446 ·
1165 1442 1168 1447 ·

124 1517 349 1603 obliquatnec
370 1539 435 1580 non
456 1518 590 1602 gentilia
611 1520 767 1605 tympana
787 1543 895 1584 secum
1224 1583 1227 1588 .

123 1621 212 1686 vexit
234 1629 267 1684 et
287 1620 330 1684 ad
353 1621 473 1684 circum
494 1621 596 1686 iussas
618 1632 761 1707 prostare
777 1625 926 1709 puellas:
1113 1617 1118 1624 ”
1165 1661 1167 1669 ι
1192 1633 1234 1716 65

123 1727 168 1789 ite
191 1724 308 1811 quibus
330 1732 423 1809 grata
444 1733 494 1788 est
516 1726 605 1810 picta
625 1727 703 1812 lupa
723 1728 860 1792 barbara
880 1728 994 1792 mitra!

123 1828 259 1892 rusticus
280 1828 372 1892 illet
357 1836 434 1892 tuus
450 1829 552 1892 sumit
572 1828 789 1915 trechedipna,
813 1830 956 1931 Quirine,

124 1941 157 1996 et
180 1931 369 1995 ceromatico
391 1930 454 1994 fert
475 1929 630 1996 niceteria
655 1933 752 1997 collo!

19 2057 22 2061 ’
122 2035 175 2100 hic
198 2035 264 2098 alta
285 2034 429 2119 Sicyone,
453 2042 503 2099 ast
525 2035 578 2100 hic
598 2036 770 2121 Amydone
791 2035 910 2114 relicta,
1023 2029 1026 2034 ’

122 2138 175 2203 hio
197 2137 316 2212 Andro,
340 2137 395 2200 ille
417 2136 523 2216 Sarno,
546 2137 599 2201 hic
621 2137 778 2202 Trallibus
800 2148 857 2203 aut
879 2139 1063 2218 Alabandis,
1193 2167 1236 2234 70

123 2239 283 2326 Esquiliae
305 2239 491 2324 dictumque
513 2239 631 2325 petunt
653 2263 674 2304 a
694 2240 814 2306 vimine
836 2243 956 2318 collem,
1164 2264 1165 2268 ¹

123 2344 244 2408 viscera
264 2364 454 2427 magnarum
476 2343 632 2407 domuum
654 2344 841 2428 dominique
862 2345 996 2409 futuri.

123 2447 288 2532 ingenium
310 2445 411 2522 velox,
433 2445 567 2510 audacia
588 2446 722 2531 perdita,
739 2468 841 2510 sermo

124 2558 290 2634 promptus
314 2556 347 2612 et
370 2546 461 2613 Isaeo
484 2549 663 2614 torrentior
709 2549 776 2626 ede,
798 2549 877 2633 quid
899 2548 991 2615 illum

124 2675 191 2718 esse
214 2656 329 2739 putes?
350 2674 453 2738 ‘quem
474 2652 523 2718 vis
545 2651 710 2716 hominem
732 2673 840 2715 secum
862 2653 974 2716 attulit
995 2652 1036 2716 ad
1057 2673 1134 2716 nos:
1165 2687 1167 2691 ,
1190 2678 1234 2746 75

123 2757 351 2841 grammaticus
372 2756 482 2821 rhetor
504 2764 682 2840 geometres
706 2755 809 2839 pictor
830 2755 946 2839 aliptes

124 2881 226 2943 augur
240 2858 467 2923 schoenobates
490 2857 633 2921 medicus
656 2879 777 2941 magus,
801 2856 909 2921 omnia
929 2856 1020 2922 norit
1132 2913 1139 2924 .

124 2960 298 3026 Graeculus
321 2961 484 3026 esuriens:
511 2961 547 3024 in
569 2960 703 3036 caelum,
726 2959 863 3035 iusseris
885 2960 954 3025 ibit.

124 3064 159 3128 in
181 3087 315 3140 summa,
338 3085 403 3127 non
429 3062 563 3135 Maurus
585 3071 654 3126 erat
675 3083 782 3147 neque
804 3061 953 3126 Sarmata
973 3083 1032 3126 neo
1055 3062 1171 3142 Thrax,

125 3165 180 3249 qui
202 3165 339 3250 sumpsit
360 3164 484 3249 pinnas,
508 3164 622 3228 mediis
644 3164 700 3228 sed
721 3173 817 3228 natus
838 3164 984 3229 Athenis.
1187 3177 1231 3240 80

124 3268 239 3332 horum
261 3290 319 3352 ego
342 3290 406 3331 non
428 3267 551 3351 fugiam
573 3267 759 3351 conchylia?
781 3290 834 3331 me
855 3267 942 3352 prior
963 3267 1018 3333 ille

125 3370 265 3455 signabit
286 3371 449 3455 fultusque
471 3378 540 3434 toro
563 3368 694 3433 meliore
715 3371 889 3446 recumbet,
954 3413 955 3416 =

125 3472 277 3536 advectus
299 3473 437 3539 Romam
459 3494 527 3557 quo.
545 3495 650 3558 pruna
671 3480 705 3539 et
727 3483 856 3538 cottona
876 3478 996 3540 ventui

125 3597 226 3658 usque
248 3575 327 3639 adeo
341 3575 431 3639 nihil
453 3582 510 3654 est,
534 3574 619 3660 quod
641 3583 751 3639 nostra
772 3575 910 3641 infantia
931 3576 1055 3642 caelum

125 3679 232 3744 hausit
254 3679 409 3743 Aventini
430 3678 656 3743 bacanutrita
676 3678 819 3743 Sabina?
956 3727 957 3730 ,
1187 3693 1230 3775 85

126 3782 204 3868 quid
226 3783 311 3869 quod
333 3781 485 3856 adulandi
505 3804 584 3870 gens
604 3781 854 3870 prudentissima
869 3782 986 3862 Jlaudat
1058 3785 1060 3790 ’
1094 3835 1096 3839 -
1159 3856 1163 3864 ,
