2550 4266
628 215 700 291 III

132 425 218 468 nam
242 399 320 486 quid
343 423 426 486 agas,
449 421 523 464 cum
545 408 580 464 te
602 399 740 464 furiosus
764 408 857 486 cogat
879 400 1022 468 et'idem

135 505 275 571 fortiorl
299 504 411 569 “unde
433 502 561 568 venisl'’
584 504 743 568 exclamat
755 527 764 584 ;
787 505 904 570 “cuius
926 516 1025 582 aceto,

136 610 233 674 cuius
255 607 374 673 conche
395 609 524 672 tumesl
546 607 618 693 quis
640 617 748 672 tecum
770 608 879 673 sectile
900 624 1031 695 porrum

137 721 232 777 sutor
254 720 287 777 et
309 711 386 789 elixi
408 711 549 776 vervecis
571 711 662 776 labra
683 712 843 776 comedit?

85 841 123 908 95
137 817 188 880 nil
210 815 292 879 mihi
314 813 505 901 respondes?
528 823 586 878 aut
607 814 667 892 dic,
690 824 748 878 aut
769 815 877 900 accipe
899 815 1036 881 calcem!

139 920 210 996 ede,
232 919 290 984 ubi
312 920 484 997 consistas!
507 919 543 983 in
565 941 631 1003 qua
650 927 685 983 te
707 940 824 1004 quaero
846 921 1023 1004 proseucha
1032 920 1058 984 l”

138 1024 246 1089 dicere
268 1024 296 1087 si
318 1031 458 1109 temptes
480 1022 603 1106 aliquid
625 1022 783 1088 tacitusve
804 1023 942 1101 recedas,

138 1127 345 1192 tantumdem
367 1134 425 1201 est,
448 1126 570 1190 feriunt
592 1126 719 1210 pariter,
742 1127 925 1192 vadimonia
946 1127 1062 1193 deinde

137 1231 216 1296 irati
236 1231 379 1311 faciunt3
400 1231 532 1295 libertas
554 1231 705 1316 pauperis
725 1232 804 1295 haec
826 1239 894 1295 est:

85 1355 125 1398 00
137 1333 285 1418 pulsatus
300 1341 391 1419 rogat
413 1341 446 1397 et
468 1333 585 1419 pugnis
608 1333 753 1397 concisus
775 1332 897 1410 adorat,

137 1445 178 1500 ut
199 1437 294 1501 liceat
314 1437 425 1522 paucis
447 1459 521 1502 cum
543 1435 695 1501 dentibus
717 1436 791 1500 inde
813 1436 937 1501 reverti.

138 1562 199 1605 nee
220 1548 330 1605 tamen
351 1541 431 1605 haec
452 1549 582 1604 tantum
605 1548 739 1616 metuas,
760 1563 837 1604 nam
855 1540 911 1625 qui
932 1539 1048 1625 spoliet
1069 1548 1103 1606 te
1148 1547 1183 1626 ,

138 1665 205 1706 non
235 1643 327 1720 derit,
361 1643 476 1708 clausis
498 1644 647 1708 domibus
669 1653 841 1730 postquam
861 1644 965 1709 omnis
986 1643 1106 1728 ubique

138 1745 205 1808 fixa
226 1753 393 1810 catenatae
416 1745 506 1809 siluit
529 1768 681 1831 compago
704 1748 865 1814 tabernae.

85 1875 102 1919 ο
103 1876 124 1940 5
138 1849 303 1914 interdum
326 1858 359 1914 et
380 1849 463 1914 ferro
486 1849 612 1914 subitus
634 1860 793 1935 grassator
814 1852 882 1936 agit
903 1874 1000 1918 rem·

138 1961 262 2016 armato
285 1952 434 2037 quotiens
456 1959 549 2017 tutas
571 1954 702 2020 custode
724 1964 877 2020 tenentur

138 2061 174 2118 et
197 2053 370 2138 Pomptina
390 2055 483 2139 palus
506 2063 540 2119 et
562 2054 738 2120 Gallinaria
758 2055 864 2141 pinus,

138 2158 184 2222 sic
206 2157 280 2221 inde
302 2158 366 2221 huc
388 2179 499 2222 omnes
520 2167 688 2242 tamquam
709 2157 750 2221 ad
775 2157 897 2221 vivaria
918 2165 1058 2224 currunt

138 2285 204 2347 qua
225 2262 351 2338 fornace
373 2283 493 2346 graves,
518 2284 583 2346 qua
603 2283 669 2324 non
691 2261 815 2336 incude,
839 2266 994 2326 catenae?

85 2388 124 2432 10
138 2365 298 2429 maximus
320 2365 354 2429 in
376 2365 488 2430 vinclis
510 2365 586 2429 ferri
607 2365 728 2442 modus,
753 2374 791 2429 ut
813 2365 936 2440 timeas,
959 2388 1001 2429 ne

139 2490 249 2532 vomer
270 2468 405 2545 deficiat,
427 2486 474 2532 ne·
491 2490 615 2532 marrae
638 2477 671 2532 et
694 2468 818 2532 sarcula
840 2467 955 2534 desint.

139 2570 247 2634 felices
267 2592 459 2655 proavolum
481 2578 598 2648 atavos,
622 2569 726 2634 felicia
747 2571 834 2635 dicas

138 2672 273 2750 saecula,
296 2695 378 2756 quae
401 2673 563 2758 quondam
586 2673 646 2737 sub
667 2674 796 2759 regibus
819 2682 916 2758 atque
939 2673 1077 2738 tribunis

137 2775 289 2840 viderunt
310 2798 375 2839 uno
398 2784 583 2841 contentam
601 2799 726 2841 carcere
749 2778 894 2843 Romam

85 2906 123 2974 15
203 2878 266 2942 His
288 2877 366 2942 alias
387 2888 533 2963 poteram
555 2888 588 2944 et
610 2880 711 2965 pluris
733 2881 920 2944 subnectere
942 2902 1060 2956 causas,

137 2980 194 3046 sed
217 2981 364 3046 iumenta
385 2992 509 3059 vocant,
533 2992 567 3048 et
589 2984 634 3048 sol
657 2983 800 3059 inclinat,
831 2983 974 3048 eundum
994 2991 1052 3048 est.

136 3107 213 3148 nam
236 3084 318 3148 mihi
340 3094 500 3150 commota
521 3086 699 3150 iandudum
721 3088 822 3150 mulio
843 3087 934 3170 virga

137 3186 380 3271 annuit-ergo
402 3188 473 3251 vale
495 3189 597 3252 nostri
619 3211 750 3264 memor,
774 3197 807 3252 et
830 3187 978 3272 quotiens
1001 3193 1035 3250 te

137 3289 243 3353 Roma
264 3297 322 3353 tuo
344 3288 432 3352 refici
454 3299 681 3374 properantem
703 3288 816 3354 reddet
836 3287 975 3372 Aquino,

85 3417 122 3466 ιο
136 3415 190 3456 me
213 3414 341 3478 quoque
364 3392 405 3457 ad
427 3393 603 3457 Helvinam
626 3392 776 3458 Cererem
797 3400 1001 3476 vestramque
1023 3389 1165 3454 Dianam

136 3504 287 3560 converte
308 3517 329 3558 a
351 3495 481 3561 Cumis:
497 3506 675 3562 saturarum
698 3518 765 3582 ego,
787 3495 822 3559 ni
842 3494 944 3580 pudet
965 3493 1045 3571 illas,

136 3599 265 3664 adiutor
284 3597 409 3685 gelidos
430 3600 557 3666 veniam
579 3601 734 3686 caligatus
755 3599 790 3663 in
812 3597 918 3684 agros!
