2550 4266
132 513 176 580 Et
199 536 270 601 spes
293 521 326 579 et
348 512 429 577 ratio
452 510 631 576 studiorum
653 511 689 575 in
710 511 845 578 Caesare
866 520 1004 602 tantum,

131 619 215 682 solus
239 618 325 682 enim
347 615 456 681 tristes
479 617 539 680 hac
560 623 754 701 tempestate
776 617 932 681 Camenas

131 720 279 805 respexit,
303 742 376 784 cum
399 719 463 782 iam
488 719 626 783 celebres
649 719 782 804 notique
803 728 918 805 poetae

132 822 317 886 balneolum
340 821 458 900 Gabiis,
481 822 604 885 Romae
627 821 802 894 conducere
823 821 930 887 furnos

130 934 338 1012 temptareqt
361 949 421 991 nec
443 925 573 990 foedum
595 926 651 989 alii
673 948 733 990 nec
754 932 849 1010 tu1pe
870 933 1024 1011 putarent

129 1052 299 1115 praecones
321 1030 398 1109 fieri,
422 1052 493 1093 cum
518 1029 651 1094 desertis
673 1029 859 1114 Aganippes

129 1133 266 1198 vallibus
289 1134 431 1199 esuriens
453 1134 604 1219 migraret
626 1134 661 1196 in
683 1133 766 1196 atria
788 1132 866 1198 Clio.

128 1259 204 1301 nam
227 1238 254 1301 si
277 1238 383 1302 Pieria
405 1238 563 1324 quadrans
585 1236 648 1300 tibi
669 1236 778 1300 nullus
800 1236 835 1300 in
856 1236 972 1300 umbra

129 1341 324 1423 ostendatur,
349 1364 436 1406 ames
458 1363 577 1405 nomen
597 1340 785 1424 victumque
807 1339 995 1404 Machaerae

129 1451 162 1507 et
184 1443 304 1508 vendas
325 1444 441 1530 potius,
465 1441 633 1507 commissa
655 1441 740 1528 quod
763 1441 869 1505 auctio
891 1439 1000 1505 vendit
1123 1483 1126 1486 -

129 1548 300 1627 stantibus,
327 1546 720 1632 oenophorumtripodes.
731 1545 877 1615 armaria¹
890 1545 992 1622 cistas,

127 1649 299 1713 Alcithoen
321 1649 423 1725 Pacci,
447 1649 573 1714 Thebas
596 1657 629 1712 et
651 1648 751 1712 Terea
774 1646 902 1710 Fausti.¹

125 1753 185 1817 hoc
207 1754 315 1831 satine,
339 1775 437 1838 quam
459 1752 487 1817 si
508 1751 594 1817 dicas
617 1751 676 1815 sub
698 1749 804 1813 iudice
828 1747 928 1828 ‘vidi’

126 1855 211 1940 quod
233 1878 298 1920 non
319 1855 437 1920 vidisti.
483 1855 600 1918 faciant
623 1853 748 1939 equites
770 1852 883 1916 Asiani

124 1983 321 2048 quamquam
354 1966 387 2024 et
412 1956 633 2045 Cappadoces3
647 1955 767 2019 faciant
790 1953 915 2039 equites
937 1949 1083 2037 Bithyni,

125 2063 226 2126 altera
248 2085 326 2148 quos
348 2061 435 2128 nudo
457 2061 597 2125 traducit
619 2058 723 2124 Gallia
744 2057 818 2122 talo.

124 2189 220 2231 nemo
244 2172 355 2230 tamen
377 2165 492 2229 studiis
514 2163 683 2247 indignum
706 2161 787 2225 ferre
810 2162 953 2226 laborem

127 2278 259 2355 cogetur
280 2269 421 2354 posthae,
445 2268 546 2334 nectit
572 2266 766 2350 quicumque
788 2265 911 2329 canoris

126 2371 291 2456 eloquium
313 2370 421 2434 vocale
443 2368 546 2434 modis
568 2368 760 2452 laurumque
781 2367 961 2431 momordit.

122 2475 183 2538 hoc
205 2474 300 2558 agite,
324 2495 343 2537 ο
364 2473 513 2537 iuvenes!
536 2471 750 2556 circumspicit
773 2479 806 2535 et
828 2469 974 2534 stimulat
997 2491 1053 2534 vos

124 2578 358 2662 materiamque
380 2577 441 2642 sibi
463 2577 552 2641 ducis
575 2575 778 2660 indulgentia
800 2575 933 2659 quaerit.

123 2683 215 2767 siqua
236 2682 366 2746 aliunde
387 2690 483 2768 putas
504 2703 612 2745 rerum
636 2678 849 2764 exspectanda
870 2686 1000 2743 tuarum

122 2787 279 2872 praesidia
301 2795 398 2872 atque
421 2786 493 2851 ideo
523 2807 631 2850 crocea
653 2783 843 2848 membrana
865 2783 984 2847 tabella

123 2891 286 2977 impletur,
310 2891 468 2975 lignorum
491 2888 613 2972 aliquid
635 2909 729 2973 posce
752 2888 838 2952 ocius
861 2897 895 2952 et
917 2907 998 2973 quae

123 2992 284 3077 componis
307 2990 389 3056 dona
410 2982 553 3065 Veneris,
577 2989 731 3064 Telesina,
759 2989 895 3068 marit0;

125 3102 182 3158 aut
205 3094 297 3159 clude
320 3102 353 3157 et
372 3092 494 3184 'positos
516 3091 604 3156 tinea
620 3089 779 3176 pertunde
801 3090 932 3154 libellos.

124 3197 234 3283 frange
257 3197 353 3260 miser
375 3195 513 3259 calamos
535 3194 733 3278 vigilataque
756 3192 879 3277 proelia
900 3191 980 3265 dele,

124 3302 179 3386 qui
201 3301 278 3365 facis
300 3300 334 3363 in
356 3321 455 3385 parva
476 3297 627 3362 sublimia
649 3297 792 3361 carmina
813 3296 901 3373 cella,

122 3415 161 3471 ut
183 3406 299 3491 dignus
320 3403 429 3468 venias
455 3401 581 3466 hederis
604 3410 638 3467 et
659 3400 801 3485 imagine
823 3421 939 3464 macra

123 3532 194 3595 spes
217 3509 306 3572 nulla
327 3507 477 3581 ulteri01·;
501 3505 615 3570 didicit
636 3505 702 3568 iam
725 3504 813 3568 dives
835 3524 949 3567 avarus

123 3621 252 3676 tantum
275 3610 432 3686 admirari,
458 3616 587 3674 tanturn
609 3608 742 3672 laudare
770 3607 912 3681 disertos,

123 3725 161 3781 ut
182 3715 274 3801 pueri
297 3713 432 3779 Iunonis
458 3727 558 3779 avem
603 3711 659 3778 sed
684 3711 798 3778 defluit
823 3719 911 3775 aetas
