2550 4266
609 199 717 276 XIV

82 382 213 467 5dum
238 384 369 449 meliore
395 395 503 449 novas
517 364 638 449 attollit
663 407 821 450 marmore
846 386 944 451 villas.

175 488 319 567 Quidam
344 489 449 553 sortiti
472 497 673 555 metuentem
700 490 834 553 sabbata
856 498 981 574 patrem

123 590 177 654 nil
204 600 332 676 praeter
356 595 458 658 nubes
486 603 519 658 et
543 593 622 657 caeli
646 616 767 658 numen
791 594 931 671 adorant,

123 717 188 758 nec
213 695 331 761 distare
357 705 482 782 putant.
500 697 643 761 humana
668 720 763 762 earne
786 699 921 776 suillam,

123 820 195 882 qua
216 808 310 884 pater
333 801 509 881 abstinuit3
539 825 614 866 mox
637 811 670 866 et
695 805 866 888 praeputia
888 816 1021 890 ponunt.

79 916 105 963 0
124 903 292 967 Romanas
315 914 425 970 autem
449 907 534 970 soliti
558 915 763 972 contemnere
784 909 871 994 leges

125 1007 299 1073 Iudaicum
318 1011 469 1076 'ediscunt
495 1020 529 1076 et
555 1020 683 1076 servant
706 1035 743 1077 ac
768 1022 920 1078 metuunt
947 1014 1005 1092 ine,

126 1112 265 1179 tradidit
283 1137 396 1180 arcano
416 1117 640 1203 quodcumque
666 1117 829 1180 volumine
851 1117 986 1201 Moyses,

127 1238 196 1280 non
218 1228 395 1285 monstrare
408 1221 488 1285 ¹vias
513 1221 625 1285 eadem
651 1221 713 1285 nisi
737 1244 826 1285 sacra
849 1222 974 1299 colenti,

126 1322 313 1405 quaesitum
338 1323 379 1387 ad
403 1324 525 1388 fontem
551 1324 631 1387 solos
655 1321 812 1386 deducere
837 1344 958 1406 verpos.

83 1439 105 1506 5
125 1425 183 1489 sed
208 1429 302 1510 pater
325 1428 360 1490 in
384 1449 487 1503 eausa,
513 1427 565 1490 cui
588 1426 725 1510 septima
752 1448 897 1510 quaeque
918 1425 980 1489 fuit
1004 1426 1060 1489 lux

126 1531 244 1614 ignava
267 1539 300 1595 et
325 1540 451 1616 partem
474 1531 561 1595 vitae
586 1553 652 1594 non
677 1530 787 1615 attigit
810 1531 918 1595 ullam.

169 1629 293 1719 Spdnte
319 1626 588 1698 tamen'iuvenes
614 1634 786 1696 imitantur
812 1641 925 1709 cetera,
950 1633 1049 1697 solam

125 1736 221 1799 inviti
247 1758 374 1821 quoque
399 1737 567 1800 avaritiam
595 1758 741 1801 exercere
765 1736 926 1800 iubentur.

125 1839 209 1904 fallit
236 1840 323 1903 enim
347 1840 464 1903 vitium
488 1841 593 1926 specie
614 1840 744 1904 virtutis
771 1849 803 1904 et
829 1841 952 1917 umbra,

79 1959 200 2007 [ocum
224 1943 266 2006 sit
291 1943 385 2008 triste
409 1945 523 2007 habitu
547 1945 710 2028 vultuque·
732 1951 766 2007 et
789 1953 878 2008 veste
905 1965 1060 2016 severum,

125 2068 183 2111 nec
207 2046 305 2110 dubie
328 2055 497 2131 tamquam
519 2047 603 2132 frugi
623 2047 773 2111 laudetur
797 2069 919 2123 avarus,

124 2161 293 2238 tamquam
316 2173 429 2236 parcus
454 2151 550 2214 homo
575 2159 608 2215 et
631 2174 738 2215 rerum
763 2151 878 2215 tutela·
889 2173 1019 2214 suarum

124 2265 211 2320 certa
233 2256 336 2340 magis
364 2276 462 2340 quam
482 2255 509 2318 si
534 2255 679 2318 fortunas
705 2262 811 2317 servet
837 2253 965 2317 easdem

125 2359 343 2445 Hesperidum
369 2380 498 2442 serpens
522 2366 579 2421 aut
602 2357 762 2421 Ponticus,
807 2357 889 2420 adde
913 2356 998 2441 quod
1023 2357 1117 2431 hunc,
1137 2355 1176 2417 de

79 2469 111 2540 15
125 2485 187 2546 quo
211 2464 331 2548 loquor,
359 2462 522 2547 egregium
542 2460 680 2545 populus
706 2469 801 2546 putat
825 2460 1016 2545 adquirendi

123 2567 297 2646 artificem3
325 2551 444 2651 quippe
470 2565 520 2628 his
546 2574 702 2629 crescuntv
716 2565 911 2650 patrimonia
934 2564 1040 2640 fabrio,

124 2671 178 2735 sed
202 2680 348 2737 crescunt
372 2691 574 2754 quocumque
601 2668 695 2731 modo
719 2669 904 2753 maioraque
928 2668 1012 2731 fiunt

89 2800 93 2805 ’
123 2774 238 2838 incude
262 2773 390 2851 assidua
413 2793 602 2855 semperque
625 2770 758 2835 ardente
783 2771 915 2835 camino.

124 2887 156 2942 et
179 2886 273 2964 pater
296 2899 370 2961 ergo
394 2874 495 2938 animi
518 2875 625 2938 felices
651 2875 752 2939 credit
775 2897 894 2951 avaros,

84 2983 178 3066 oqui
203 2981 341 3045 miratur
364 3001 449 3064 opes,
474 2979 530 3063 qui
549 2979 639 3042 nulla
663 2977 810 3062 exempla
833 2978 921 3042 beati

122 3084 271 3170 pauperis
297 3104 365 3146 esse
391 3089 495 3166 putat,
521 3080 652 3144 iuvenes
676 3081 824 3144 hortatur
848 3088 886 3143 ut
910 3079 999 3142 illam

122 3187 167 3251 ire
190 3185 278 3250 viam
302 3190 438 3269 pergant
462 3189 496 3246 et
520 3181 624 3245 eidem
648 3182 833 3245 incumbere
860 3191 972 3245 sectae.

122 3298 197 3355 sunt
221 3287 380 3374 quaedam
406 3285 559 3349 vitiorum
583 3285 755 3348 elementa:
787 3285 838 3348 his
863 3284 1009 3369 protinus
1035 3281 1106 3344 illos

121 3393 228 3457 inbuit
254 3400 287 3457 et
313 3390 398 3475 cogit
420 3388 570 3452 minimas
594 3387 732 3451 ediscere
758 3388 872 3466 sordes,

79 3511 107 3578 15
121 3499 209 3583 [mox
232 3495 422 3581 adquirendi
448 3493 540 3556 docet
564 3491 745 3555 insatiabile
770 3493 906 3575 votum]

120 3625 282 3670 servorum
306 3608 434 3682 ventres
460 3596 567 3660 modio
593 3595 728 3678 castigat
753 3595 873 3678 iniquo,

119 3708 187 3794 ipse
203 3726 331 3792 quoque
347 3702 503 3778 esuriens3
523 3699 729 3783 nequeenim
745 3698 852 3761 omnia
863 3697 1001 3760 sustinet
1013 3713 1168 3776 umquam

119 3811 247 3877 mucida
273 3804 411 3872 caerulei
433 3802 525 3888 panis
552 3821 736 3865 consumere
762 3799 872 3874 frusta,
