2602 4282
561 178 718 260 XV'

106 370 213 437 lnter
235 367 507 439 finitimos-vetus
531 380 631 460 atque
654 372 789 460 antiqua
812 372 966 452 simultas,
1045 357 1047 362 ⁵

51 471 248 538 inmortale
272 473 382 540 odium
405 481 440 541 et
460 498 642 568 numquam
665 478 809 544 sanabile
829 480 947 546 vulnus

10 596 35 666 5
54 585 168 651 ardet
190 585 304 665 adhuc,
329 585 450 652 Ombos
474 594 509 653 et
529 587 680 672 Tentyra
710 608 855 652 summus
878 587 1041 675 utrimque

54 687 150 755 inde
174 689 263 756 furor
284 691 390 777 vulgo,
414 691 502 778 quod
524 693 660 758 numina
682 693 860 760 vicinorum

58 794 143 863 odit
168 802 306 881 uterque
329 796 426 876 locus,
451 819 526 863 cum
549 798 631 864 solos
654 799 765 864 credat
786 798 951 864 habendos

60 921 142 966 esse
166 900 250 979 deos,
276 924 356 988 quos
377 903 447 989 ipse
472 903 556 969 colit.
590 911 640 969 set
663 912 809 989 tempore
832 903 915 969 festo
1029 893 1034 904 ’

59 1004 207 1069 alterius
228 1005 342 1092 populi
364 1007 520 1092 rapienda
543 1008 663 1073 occasio
688 1006 811 1072 cunctis

10 1125 48 1197 to
60 1109 140 1175 visa
166 1107 370 1175 inimicorum
393 1111 585 1196 primoribus
608 1111 813 1190 aedacibus,
838 1133 882 1176 ne
938 1098 940 1103 ⁴

58 1211 196 1279 laetum
218 1213 419 1300 hilaremque
443 1213 539 1291 diem,
564 1237 605 1280 ne
628 1237 765 1301 magnae
788 1213 906 1300 gaudia
929 1234 1027 1279 cenae

59 1317 238 1396 sentirent,
263 1317 377 1403 positis
400 1317 442 1383 ad
465 1318 590 1403 templa
613 1325 646 1383 et
670 1318 812 1403 compita
834 1316 954 1382 mensis

58 1421 285 1507 pervigilique
308 1428 387 1499 toro,
412 1443 510 1507 quem
533 1428 628 1486 nocte
650 1443 687 1486 ac
710 1421 783 1486 luce
806 1420 965 1485 iacentem

61 1524 230 1610 septimus
253 1525 420 1590 interdum
443 1525 490 1590 sol
513 1525 646 1589 invenit.
682 1523 824 1608 [horrida
846 1546 923 1589 sane

10 1631 45 1702 t5
62 1625 247 1712 Aegyptos,
271 1627 326 1692 sed
348 1627 484 1703 luxuria,
508 1634 668 1712 quantum
690 1627 759 1711 ipse
781 1627 899 1703 notavi,

64 1729 210 1796 barbara
230 1732 352 1797 famoso
375 1753 440 1796 non
462 1730 548 1796 cedit
569 1732 665 1798 turba
687 1731 828 1816 Canopo.

69 1834 159 1899 adde
181 1834 266 1922 quod
288 1835 445 1900 etfacilis
467 1833 601 1900 victoria
623 1833 663 1898 de
685 1832 824 1898 madidis
846 1840 881 1899 et

70 1929 192 2002 blaesis
214 1947 313 2022 atque
336 1959 424 2007 mero
448 1937 691 2021 titubantibus]
727 1937 804 2002 inde
826 1937 969 2002 virorum

75 2039 210 2106 saltatus
231 2042 323 2127 nigro
345 2041 487 2119 tibicine,
512 2042 761 2127 qualiacumque

22 2140 66 2207 50
79 2152 242 2227 unguenta
265 2153 300 2210 et
322 2145 416 2210 flores
438 2144 627 2229 multaeque
650 2145 686 2208 in
709 2144 816 2209 fronte
840 2164 982 2221 coronae,

82 2236 155 2310 hino
174 2250 319 2314 ieiunum
343 2248 462 2314 odium.
495 2248 552 2313 sed
574 2247 679 2332 iurgia
700 2246 805 2334 prima
828 2269 940 2312 sonare

85 2335 234 2436 incipiunt
256 2352 372 2417 animis
394 2352 591 2429 ardentibus,
615 2351 695 2416 haec
718 2352 799 2417 tuba
821 2349 918 2417 rixae.

85 2439 154 2520 dein
175 2458 311 2522 clamore
335 2457 406 2542 pari
429 2457 637 2533 concurritur,
663 2464 697 2522 et
720 2457 791 2522 vice
813 2455 873 2522 teli

79 2561 178 2629 saevit
198 2565 287 2630 nuda
311 2584 435 2629 manus.
464 2584 586 2648 paucae
610 2561 679 2626 sine
702 2561 836 2628 vulnere
859 2560 972 2639 malae,

17 2640 126 2753 55ux
155 2668 304 2754 cuiquam
327 2675 385 2732 aut
407 2665 491 2730 nulli
516 2672 585 2731 toto
609 2665 784 2730 certamine
803 2685 901 2728 nasus

64 2761 209 2866 nnlleger,
232 2771 389 2856 aspiceres
415 2769 482 2833 iam
506 2776 623 2833 cuncta
644 2791 704 2854 per
727 2767 858 2852 agmina
880 2765 990 2831 vultus
1030 2855 1033 2863 Δ

61 2848 233 2954 dssnjdios,
259 2876 338 2941 alias
361 2875 459 2940 facies
482 2882 517 2941 et
541 2873 668 2939 hiantia
690 2872 795 2959 ruptis

56 2973 146 3040 ⁰⁸83.
167 2981 264 3066 genis,
287 2982 400 3067 plenos
423 2980 587 3046 oculorum
611 2978 768 3065 sanguine
792 2997 925 3062 pugnos.

10 3149 18 3164 ,
55 3055 187 3150 ludere
210 3107 244 3150 se
267 3085 403 3150 credunt
426 3084 496 3179 ipsi=
512 3091 624 3148 tamen
648 3091 681 3148 et
704 3081 845 3169 pueriles

10 3173 45 3232 ³0
58 3185 222 3254 ex{arcere
246 3188 338 3267 acies,
364 3187 451 3273 quod
474 3187 565 3252 nulla
584 3187 739 3252 cadavera
763 3185 896 3250 calcent.
974 3215 975 3220 ¹

63 3282 105 3342 eb
136 3313 211 3358 sane
235 3315 299 3380 quo
322 3301 373 3358 tot
395 3293 531 3357 rixantis
554 3291 645 3356 milia
668 3289 792 3367 turbae,

72 3380 107 3455 ⁸⁸1
129 3398 243 3474 vivunt
267 3401 395 3464 omnes?
420 3419 495 3483 ergo
519 3397 619 3462 acrior
642 3395 793 3480 impetus
819 3398 853 3457 et
875 3390 942 3456 iam

81 3511 158 3566 saue
181 3502 343 3567 inclinatis
366 3523 426 3587 per
447 3501 586 3564 humum
610 3498 757 3585 quaesita
779 3493 906 3562 lacertis

89 3600 239 3691 incipiunt
261 3613 420 3690 torquere,
445 3602 621 3668 domestica
643 3599 794 3665 seditioni

31 3718 78 3811 65
91 3709 155 3786 tela,
176 3731 237 3775 nec
259 3710 347 3774 hunc
369 3707 512 3794 lapidem
536 3705 640 3792 qualis
664 3711 698 3769 et
723 3703 852 3769 Turnus
876 3706 910 3766 et
933 3697 1027 3771 Aiax,

16 3878 19 3883 .
91 3813 134 3884 val
156 3833 219 3900 quo
242 3811 383 3898 Tydides
400 3809 563 3897 percussit
585 3806 729 3895 pondere
751 3828 864 3872 coxam
959 3839 960 3843 ¹

1023 3901 1046 3968 6
