2550 4266
164 182 209 258 62
606 198 611 205 '
647 184 736 262 XII

162 359 347 439 Pacuvium,
370 359 450 445 quin
470 359 552 425 illud
573 361 654 426 ebur
675 362 812 427 ducatur
832 361 874 427 ad
894 362 965 428 aras

162 470 196 527 et
217 464 311 529 cadat
331 473 409 528 ante
426 465 524 529 Lares
546 465 699 530 Gallittae
720 465 860 542 victima,
882 465 951 531 sola

161 568 261 633 tantis
283 569 381 653 digna
402 568 470 633 deis
492 577 526 632 et
547 570 765 655 captatoribus
786 571 908 636 horum

160 672 243 736 alter
264 672 359 750 enim,
382 673 410 737 si
432 674 584 738 concedas
605 683 756 752 mactare,
777 674 907 739 vovebit
1226 688 1257 741 11

160 777 201 840 de
222 799 319 862 grege
341 800 503 842 servorum
524 801 644 864 magna
665 787 699 844 et
719 779 936 864 pulcherrima
956 799 1110 866 quaeque

160 901 298 964 corpora,
319 880 372 944 vel
392 881 500 966 pueris
522 890 556 945 et
578 882 736 946 frontibus
758 881 945 946 ancillarum

160 984 304 1069 imponet
326 984 432 1063 vittas,
455 993 490 1050 et
511 986 539 1050 si
561 1008 626 1072 qua
647 992 697 1051 est
718 986 837 1050 nubilis
857 985 906 1049 illi

160 1085 332 1172 Iphigenia
353 1088 449 1166 domi,
471 1089 562 1154 dabit
584 1089 667 1154 hanc
689 1089 850 1167 altaribus,
873 1089 936 1153 etsi

160 1213 224 1254 non
246 1200 353 1278 sperat
374 1192 514 1279 tragicae
536 1193 657 1259 furtiva
676 1194 804 1280 piacula
824 1215 944 1259 cervae.

159 1294 254 1360 laudo
276 1319 386 1360 meum
407 1298 519 1374 civem,
542 1320 602 1361 nec
623 1319 770 1382 comparo
791 1303 986 1360 testamento

159 1399 247 1463 mille
269 1408 372 1481 rates3
393 1423 470 1464 nam
492 1401 520 1464 si
541 1400 717 1465 Libitinam
740 1399 876 1464 evaserit
898 1421 1001 1485 aeger,

159 1501 280 1567 delebit
301 1504 435 1580 tabulas,
459 1504 600 1569 inclusus
622 1527 745 1569 carcere
767 1525 888 1580 nassae,

158 1613 231 1689 post
252 1606 404 1670 meritum
426 1628 502 1671 sane
524 1607 716 1685 mirandum,
739 1615 837 1692 atque
859 1605 967 1670 omnia
988 1606 1048 1670 soli

158 1709 264 1772 forsan
286 1710 424 1775 Pacuvio
445 1710 586 1776 breviter
608 1711 706 1789 dabit,
729 1711 784 1775 ille
806 1710 961 1795 superbus

157 1811 285 1897 incedet
307 1813 399 1878 victis
421 1814 581 1889 rivalibus.
626 1838 701 1901 ergo
723 1815 812 1879 vides
835 1838 932 1901 quam

157 1917 277 2000 grande
300 1939 413 2002 operae
435 1919 578 2004 pretium
600 1920 696 1984 faciat
717 1919 864 2004 iugulata
885 1918 1038 2004 Mycenis.

157 2019 246 2083 vivat
268 2019 433 2098 Pacuvius,
458 2044 583 2107 quaeso,
606 2023 658 2086 vel
680 2022 819 2086 Nestora
840 2029 954 2098 totum,

157 2123 326 2207 possideat,
349 2133 507 2209 quantum
529 2127 637 2212 rapuit
658 2126 754 2202 Nero,
777 2126 941 2190 montibus
963 2147 1080 2189 aurum

158 2233 323 2312 exaequet,
346 2249 405 2293 nec
426 2238 514 2295 amet
537 2250 740 2317 quemquam,
763 2250 823 2295 nec
844 2235 971 2292 ametur
991 2227 1033 2291 ab
1056 2228 1146 2295 ullol
1227 2239 1263 2306 13

452 2581 455 2586 ¹
527 2525 640 2574 LIBER
666 2525 837 2584 QUINTUS.

596 2690 597 2695 ¹
628 2659 739 2734 XIII

155 2836 311 2928 Exemplo
334 2839 558 2927 quodcumque
579 2839 665 2904 malo
687 2839 907 2919 committitur,
930 2842 992 2929 ipsi

155 2946 301 3032 displicet
322 2945 451 3009 auctori
494 2943 599 3029 prima
620 2950 669 3007 est
689 2942 769 3007 haec
789 2944 879 3020 ultio,
903 2947 988 3030 quod
1009 2971 1043 3014 se

155 3049 260 3114 iudice
281 3071 376 3112 nemo
398 3069 515 3118 nocens
537 3046 720 3123 absolvitur,
744 3046 891 3131 improba
913 3037 1060 3134 quamvis

154 3153 260 3238 gratia
280 3153 386 3218 fallaci
407 3152 563 3238 praetoris
585 3151 697 3215 vicerit
719 3173 808 3216 urna

155 3257 236 3341 quid·
255 3256 374 3321 sentire
396 3264 490 3341 putas
513 3277 631 3332 omnes,
656 3254 797 3332 Calvino,
820 3257 942 3322 recenti

155 3361 195 3425 de
218 3362 333 3425 scelere
356 3367 389 3424 et
410 3360 486 3424 fidei
508 3360 646 3424 violatae
669 3360 823 3426 crimine?
845 3362 901 3426 sed
923 3384 983 3428 nec

154 3477 222 3535 tam
244 3471 351 3534 tenuis
374 3492 485 3535 census
507 3469 569 3534 tibi
591 3470 734 3555 contigit,
758 3479 796 3535 ut
817 3470 984 3536 mediocris

153 3573 295 3638 iacturae
316 3579 350 3638 te
371 3581 496 3658 mergat
518 3594 605 3652 omre,
629 3595 688 3637 nec
710 3596 783 3637 rara
803 3574 949 3640 videmus

154 3698 236 3761 quae
256 3676 395 3761 pateris3
417 3699 506 3742 casus
528 3680 639 3743 multis
661 3679 714 3744 hic
736 3680 882 3763 cognitus
904 3678 1027 3746 aciem

154 3778 248 3843 tritus
271 3786 304 3844 et
327 3780 472 3846 emedio
494 3783 641 3848 fortunae
662 3783 778 3849 ductus
800 3803 920 3850 acervo.
