2550 4266
116 193 160 288 so
264 203 266 207 >
606 160 673 240 ΙΙΙ

113 356 167 440 qui
190 355 294 440 gentis
316 354 402 431 vitio,
417 378 594 440 numquam
616 353 756 441 partitur
776 355 923 432 amicum,

114 460 197 523 solus
218 460 333 536 habet;
353 481 430 524 nam
452 482 525 524 eum
547 459 673 523 facilem
695 457 829 523 stillavit
851 460 885 522 in
907 479 1018 523 aurem

114 563 266 646 exiguum
288 562 327 626 de
348 570 483 644 naturae
507 562 695 648 patriaeque
717 583 849 636 veneno,

113 666 224 730 limine
247 688 456 743 summoveor,
480 665 646 751 perierunt
668 673 814 750 tempora
835 664 924 748 longi

113 769 250 849 servitii3
273 791 432 854 nusquam
453 769 558 833 minor
581 777 630 833 est
652 767 774 832 iactura
796 768 928 832 clientis.

178 873 272 952 Quod
293 894 386 957 porro
408 872 555 951 officium,
579 894 620 937 ne
642 870 734 935 nobis
756 871 910 944 blandiar,
934 877 991 934 aut
1014 869 1100 954 quod
1136 903 1139 909 ,

113 975 262 1060 paupen's
284 975 336 1039 hic
357 975 518 1049 meritum,
542 974 570 1038 si
592 981 682 1039 curet
704 982 797 1038 nocte
818 981 948 1058 togatus
1026 1044 1029 1049 ,

114 1099 246 1153 currere,
270 1100 343 1142 eum
365 1086 493 1162 praetor
514 1075 657 1142 lictorem
679 1076 825 1161 impellat
846 1084 881 1140 et
903 1076 949 1141 ire

113 1180 323 1265 praecipitem
345 1180 463 1256 iubeat,
487 1181 611 1246 du‘dum
633 1179 842 1264 vigilantibus
864 1179 957 1258 orbiS,

114 1306 155 1348 ne
177 1284 263 1368 prior
285 1283 449 1348 Albinam
462 1292 495 1349 et
518 1284 660 1348 Modiam
683 1283 804 1368 collega
826 1283 966 1347 salutet?

115 1386 223 1450 divitis
245 1385 297 1450 hic
320 1387 402 1450 servi
430 1386 532 1453 cludit
566 1387 651 1450 latus
674 1386 887 1470 ingenuorum

114 1490 216 1570 iilius3
237 1490 319 1554 alter
341 1491 427 1553 enim
450 1498 607 1574 quantum
630 1490 664 1553 in
686 1489 811 1575 legione
833 1489 955 1553 tribuni

114 1592 276 1676 accipiunt
298 1591 397 1655 donat
420 1590 571 1655 Calvinae
593 1591 645 1655 vel
668 1591 829 1667 Catienae,

113 1703 151 1760 ut
174 1695 272 1759 semel
295 1704 351 1759 aut
373 1694 491 1758 iterum
513 1717 608 1780 super
629 1695 718 1759 illam
739 1694 887 1779 palpitet,
911 1701 946 1757 at
968 1701 1013 1767 tu,

114 1820 188 1863 cum
211 1799 272 1863 tibi
295 1798 403 1863 vestiti
427 1798 523 1863 facies
545 1799 640 1864 scorti
662 1798 777 1884 placet,
800 1799 912 1862 haeres

115 1910 148 1965 et
170 1901 299 1965 dubitas
322 1902 389 1965 alta
411 1901 556 1966 Chionen
578 1901 735 1966 deducere
758 1900 843 1964 sella

115 2000 156 2065 da
178 2008 293 2065 testem
317 2001 438 2064 Rornae
460 2008 528 2064 tam
550 2010 707 2076 sanctum,
731 2022 829 2084 quam
851 1999 914 2064 fuit
935 1998 1049 2084 hospes

116 2105 256 2168 numinis
280 2105 376 2180 Idaei,
400 2095 551 2188 procedat
572 2102 623 2166 vel
646 2103 758 2166 Numa
778 2102 830 2165 vel
854 2101 910 2186 qui

115 2209 254 2273 servavit
276 2208 435 2293 trepidam
457 2207 606 2293 flagranti
629 2230 670 2272 ex
691 2207 771 2274 aede
793 2208 991 2270 Minervam:

115 2313 259 2399 protinus
283 2313 323 2376 ad
346 2334 484 2387 censum,
507 2312 548 2376 de
569 2312 712 2376 moribus
734 2312 850 2376 ultima
870 2310 928 2374 fiet

116 2418 261 2502 quaestio
286 2424 390 2502 “quot
411 2417 513 2502 pascit
536 2421 664 2480 servost
687 2424 765 2502 quot
787 2415 928 2500 possidet
949 2412 1016 2498 agri

115 2521 247 2606 iugera?
270 2542 367 2605 quam
390 2520 493 2585 multa
514 2541 695 2604 magnaque
718 2518 884 2604 paropside
907 2515 1036 2580 cenatl''

117 2633 274 2708 quantum
296 2624 430 2709 quisque
452 2645 511 2687 sua
531 2645 739 2686 nummorum
761 2628 868 2685 servat
888 2620 925 2683 in·
945 2641 1025 2696 arca,

116 2735 245 2792 tantum
266 2728 365 2793 habet
386 2736 419 2791 et
440 2727 524 2792 fidei.
568 2725 653 2790 iures
675 2726 750 2790 lieet
773 2733 806 2788 et
828 2723 1071 2789 Samothracum

117 2841 151 2896 et
173 2841 353 2924 nostrorum
375 2852 453 2906 arae,
477 2836 682 2894 contemnere
705 2829 844 2892 fulmina
865 2849 988 2913 pauper
1188 2867 1250 2936 145

118 2933 257 2998 ereditur
279 2941 376 3018 atque
399 2932 482 3007 deos,
507 2930 556 2994 dis
578 2931 817 3015 ignoscentibus
838 2930 923 3015 ipsis,

119 3037 196 3122 quid
219 3037 303 3122 quod
325 3035 495 3100 materiam
517 3035 652 3120 praebet
673 3056 847 3118 causasque
869 3034 1008 3097 iocorum

120 3141 267 3205 omnibus
289 3139 342 3204 hic
363 3139 457 3214 idem,
481 3139 508 3202 si
530 3139 623 3203 foeda
645 3146 678 3203 et
700 3139 795 3202 scissa
817 3137 951 3210 lacerna,

120 3245 147 3308 si
170 3253 244 3328 toga
266 3243 427 3328 sordidula
449 3250 498 3308 est
521 3250 554 3307 et
575 3250 672 3328 rupta
693 3242 816 3307 calceus
839 3241 920 3305 alter

120 3348 204 3434 pelle
225 3355 323 3433 patet,
346 3347 398 3412 vel
420 3346 447 3410 si
469 3355 610 3413 consuto¹
623 3347 755 3410 vulnere
771 3365 916 3410 crassum
1189 3377 1251 3443 ¹50

121 3460 219 3535 atque
240 3472 348 3515 recens
370 3450 473 3514 linum
496 3449 637 3514 ostendit
658 3471 723 3513 non
745 3470 811 3512 una
832 3445 984 3517 cicatrix?

121 3536 168 3615 nil
190 3551 287 3616 habet
307 3552 420 3618 infelix
441 3558 613 3637 paupertas
635 3549 745 3615 durius
763 3549 797 3613 in
820 3570 862 3624 se,

123 3678 220 3741 quam
243 3656 326 3740 quod
348 3655 497 3720 ridiculos
519 3654 666 3718 homines
688 3654 772 3718 facit.
819 3649 966 3723 “exeat'’
987 3645 1101 3732 inquit,

124 3767 141 3795 ‘⁶
150 3758 177 3822 si
198 3757 301 3846 pudor
322 3767 379 3835 est,
402 3766 435 3823 et
458 3757 498 3823 de
519 3757 651 3843 pulvino
674 3764 783 3843 surgat
806 3753 954 3841 equestri,
