2550 4266
45 140 48 149 '
86 89 158 213 '82
588 131 682 214 'XV

108 320 248 395 Aeneae,
272 316 329 381 sed
352 333 451 401 quem
476 314 608 378 valeant
633 314 783 379 emittere
806 314 948 391 dextrae·
978 328 982 335 '
1014 351 1021 386 ς

108 422 172 486 illis
196 420 366 490 dissimiles
389 427 424 483 et
446 426 557 483 nostro
580 425 726 502 tempore
753 425 858 483 natae.
1046 483 1047 488 ,

107 550 185 590 nam
207 548 310 612 genus
331 525 392 597 hoe
414 523 488 587 vivo
512 521 579 607 iam
602 521 806 585 decrescebat
827 520 994 602 Homem3'
1058 561 1059 564 =
1148 522 1152 533 “

107 639 194 694 terra
214 629 316 693 malos
338 626 485 691 homines
508 647 596 689 nunc
620 624 738 688 educat
760 632 859 709 atque
881 624 1022 710 pusillos
1141 613 1151 682 l

108 756 183 818 ergo
207 733 295 809 deus,
319 730 515 817 quicumque
538 727 673 813 aspexit,
698 727 783 792 ridet
807 736 843 819 et
866 728 943 795 odit.
1082 795 1086 802 .

150 838 182 901 A
206 836 401 901 deverticulo
424 840 591 918 repetatur
612 831 729 922 fabula
761 839 945 918 postquam,
993 881 996 886 .

108 940 258 1005 subsidiis
280 939 375 1015 aucti,
399 960 473 1024 pars
496 937 599 1000 altera
620 957 768 1021 promere
791 935 914 1025 sermm

108 1053 207 1117 audet
231 1059 265 1116 et
289 1050 415 1115 infestis
438 1069 583 1134 pugnam
605 1046 785 1110 instaurare
811 1044 954 1130 sagittis:

107 1164 199 1240 terga
221 1155 299 1240 fuga
321 1154 417 1218 celeri
439 1159 606 1239 praestant
630 1152 827 1216 instantibus
850 1152 965 1219 Ombis

108 1260 164 1344 qui
187 1259 294 1323 vicina
314 1258 425 1322 colunt
447 1256 617 1319 umbrosae
642 1255 784 1340 Tentyra
807 1255 943 1340 palmae.

106 1362 227 1427 labitur
249 1362 324 1427 hinc
347 1361 480 1446 quidam
506 1357 608 1422 nimia
630 1357 803 1422 formidine
826 1379 957 1422 cursum

106 1466 330 1552 praecipitans,
354 1465 551 1549 capiturque.
585 1471 636 1527 ast
659 1462 752 1526 illum
776 1462 813 1527 in
837 1461 980 1548 plurima
1002 1469 1149 1532 sectum

106 1571 209 1634 frusta
232 1577 265 1634 et
287 1566 469 1654 particulae,
494 1574 533 1630 ut
556 1566 669 1630 multis
692 1574 840 1631 mortuus
863 1588 950 1632 unus

106 1674 273 1749 sufficeret,
298 1680 411 1751 totum⁸
428 1671 559 1734 corrosis
582 1670 705 1734 ossibus
731 1670 800 1735 edit

105 1778 223 1841 victrix
244 1777 349 1852 turba,
374 1796 435 1839 nec
459 1773 586 1838 ardenti
610 1773 737 1838 decoxit
760 1796 841 1839 aeno
889 1829 891 1833 ,

106 1889 163 1945 aut
189 1880 317 1945 veribus
324 1903 333 1959 3
359 1879 491 1962 longum
517 1900 620 1963 usque
644 1878 723 1943 adeo
746 1879 943 1965 tardumque
967 1881 1096 1966 putavit

107 1993 275 2070 expectare
298 1983 391 2058 focos,
418 1989 570 2046 contenta
593 1982 877 2062 cadaverecrudo.

105 2088 159 2154 hic
181 2089 320 2174 gaudere
343 2087 432 2164 libet,
459 2087 550 2172 quod⁴
569 2109 635 2150 non
657 2086 828 2152 violaverit
850 2087 969 2172 ignem,

107 2213 203 2274 quem
227 2213 353 2254 summa
378 2190 458 2254 caeli
483 2196 613 2274 raptum
636 2189 678 2254 de
700 2199 793 2275 parte
815 2190 1029 2257 Prometheus

105 2293 238 2358 donavit
262 2293 363 2369 terris
407 2293 570 2357 elemento
592 2293 738 2378 gratulor
760 2300 795 2358 et
818 2299 853 2357 te
875 2331 877 2336 ·
904 2352 908 2359 .

106 2396 251 2461 exultare
274 2417 351 2460 reor.
400 2394 457 2461 sed
481 2394 538 2480 qui
561 2394 707 2459 mordere
733 2395 869 2460 cadaver

106 2498 269 2579 sustinuit,
292 2498 341 2562 nil
364 2519 520 2583 umquam
543 2496 605 2562 hac
630 2520 725 2562 carne
749 2499 906 2563 libentius
929 2498 1006 2564 edit.
1064 2527 1066 2531 ’
1114 2548 1118 2556 .

105 2623 182 2665 nam
208 2602 324 2665 scelere
349 2602 385 2666 in
407 2608 501 2666 tanto
524 2623 567 2664 ne
591 2622 725 2686 quaeras
747 2610 783 2667 et
805 2601 936 2666 dubites
959 2626 1003 2667 an

106 2706 212 2790 prima
234 2706 436 2791 voluptatem
459 2703 536 2788 gula
559 2704 696 2768 senserit
703 2728 711 2784 ;
734 2705 869 2770 ultimus
894 2712 1007 2771 autem

105 2809 161 2895 qui
187 2809 279 2874 stetit
304 2809 475 2893 absumpto
498 2807 565 2871 iam
587 2815 658 2873 toto
683 2830 821 2894 corpore,
846 2808 952 2873 ductis

104 2934 163 2996 per
185 2921 313 2992 terram,
331 2911 440 2995 digitis
463 2909 587 2995 aliquid
613 2910 654 2974 de
678 2911 833 2996 sanguine
858 2919 978 2996 gustat.

104 3015 275 3092 Vascones
299 3015 379 3079 haec
404 3015 491 3078 fama
514 3022 572 3090 est,
597 3013 760 3077 alimentis
783 3015 904 3080 talibus
927 3016 1005 3081 olim

104 3118 283 3203 produxere
310 3118 447 3200 animas:
473 3117 529 3182 sed
552 3140 602 3182 res
626 3117 759 3194 diversa,
784 3119 840 3183 sed
862 3118 929 3184 illic

104 3221 253 3286 fortunae
276 3221 398 3286 invidia
422 3229 471 3286 est
493 3222 715 3307 bellorumque
738 3223 863 3300 ultima,
887 3245 980 3290 casus

106 3326 251 3403 extremi,
276 3327 391 3412 longae
414 3325 484 3389 dira
506 3326 680 3390 obsidionis
707 3334 838 3411 egestas.

105 3429 215 3513 [huius
239 3429 335 3508 enim,
360 3427 447 3514 quod
471 3450 558 3493 nunc
583 3429 699 3514 agitur,
723 3429 905 3494 miserabile
929 3429 1028 3496 debet

105 3533 292 3618 exemplum
317 3554 385 3597 esse
409 3532 481 3609 cibi,
507 3533 592 3598 sicut
616 3532 718 3607 modo
736 3532 822 3596 dicta
847 3530 930 3597 mihi
953 3533 1048 3618 gens]

105 3644 177 3721 post
204 3656 314 3700 omnes
331 3636 462 3713 barbas,
485 3645 562 3724 post
585 3644 701 3702 cuncta
726 3636 887 3713 animalia,
912 3635 1071 3726 quidquid

105 3740 240 3824 cogebat
264 3737 357 3805 vacui
380 3738 502 3809 ventris
528 3739 623 3820 furor,
647 3739 794 3805 hostibus
817 3739 895 3826 ipsis
