2550 4266
612 204 656 285 V„

64 416 104 460 10
116 409 188 466 tam
209 396 319 463 ieiuna
340 394 537 480 fames,'cum
558 391 660 478 possit
681 391 847 457 honestius
870 393 936 459 illic

58 525 61 528 ’
116 512 152 568 et
173 512 313 568 tremere
335 508 368 564 et
390 499 497 565 sordes
520 499 611 562 farris
634 498 779 562 mordere
802 500 915 565 canini.

183 606 292 670 Primo
314 604 376 690 fige
398 604 475 680 loco,
499 601 585 687 quod
607 609 645 665 tu
668 602 868 668 discumbere
891 603 995 669 iussus

117 709 300 775 mercedem
323 707 457 772 solidam
479 713 626 769 veterum
649 705 735 790 capis
758 705 941 772 officiorum

116 813 240 877 fructus
263 810 423 874 amicitiae
445 831 580 894 magnae
603 809 712 889 cibus;
734 809 862 894 inputat
885 811 971 875 hunc
992 833 1049 876 rex

40 902 151 1000 ,¹15et
173 914 319 1000 quamvis
341 934 450 975 rarum
472 920 583 975 tamen
605 912 742 997 inputat.
787 935 862 998 ergo
885 913 963 978 duos
985 923 1059 1000 post

80 1037 89 1045 ·’
116 1020 143 1083 si
166 1019 262 1083 libuit
284 1038 409 1081 menses
425 1015 616 1100 >neglectum
639 1016 790 1081 adhibere
813 1018 972 1095 clientem,

115 1124 214 1187 tertia
236 1143 277 1185 ne
299 1143 399 1185 vacuo
422 1127 560 1184 cessaret
582 1120 699 1184 culcita
721 1121 822 1185 lecto:

117 1237 201 1290 ‘una
223 1226 333 1290 simus'
355 1225 409 1289 ait
454 1233 601 1289 votorum
624 1246 757 1289 summa
803 1224 882 1310 quid
905 1226 992 1290 ultra

32 1336 37 1342 ”
116 1331 265 1416 quaeris?
287 1330 385 1394 habet
408 1328 551 1404 Trebius,
575 1337 707 1413 propter
729 1328 815 1413 quod
836 1317 985 1414 mmpere
1008 1351 1156 1396 somnum

59 1453 104 1500 20
116 1436 232 1500 debeat
248 1442 289 1517 et
310 1433 426 1518 ligulas
449 1431 622 1507 dimittere,
647 1432 802 1496 sollicitus
823 1454 865 1497 ne

115 1546 186 1604 tota
207 1537 377 1602 salutatrix
399 1536 464 1599 iam
486 1535 584 1599 turba
604 1536 767 1621 peregerit
788 1536 899 1600 orbern

115 1641 273 1707 sideribus
295 1639 402 1704 dubiis
423 1647 482 1702 aut
503 1638 559 1702 illo
581 1645 734 1722 ternpore,
759 1661 823 1724 quo
845 1661 879 1704 se

114 1745 231 1830 frigida
253 1744 474 1828 circumagunt
495 1742 580 1828 pigri
603 1765 726 1807 serraca
748 1743 877 1808 Bootae.

114 1848 219 1934 qualis
241 1871 320 1912 cena
337 1851 474 1911 ‘tament
496 1846 618 1922 vinum,
642 1847 727 1931 quod
750 1847 860 1911 sucida
880 1848 963 1913 nolit

58 1963 103 2032 25
114 1952 190 2016 lana
210 1951 299 2037 pati:
323 1950 362 2014 de
386 1950 520 2014 conviva
543 1949 726 2034 Corybanta
748 1949 878 2015 videbis.
985 1965 990 1975 '

30 2102 34 2133 ἰ
115 2055 219 2139 iurgia
240 2054 435 2141 proludunt3
456 2052 513 2118 sed
535 2076 611 2117 mox
633 2063 667 2118 et
687 2055 802 2139 pocula
818 2063 952 2140 torques
1003 2085 1005 2089 ·

44 2162 47 2167 ’
114 2159 240 2223 saucius
263 2167 296 2223 et
317 2159 415 2222 rubra
437 2157 584 2242 deterges
606 2158 742 2222 vulnera
763 2181 890 2245 mappa,

114 2264 201 2328 inter
222 2285 278 2328 vos
301 2263 450 2348 quotiens
472 2263 726 2348 libertorumque
749 2264 912 2327 cohortem

115 2368 225 2455 pugna
246 2367 427 2452 Saguntina
449 2366 552 2431 fervet
575 2367 743 2431 commissa
764 2367 886 2450 lagona

57 2485 103 2552 30
115 2472 183 2556 ipse
206 2470 354 2555 capillato
377 2470 531 2534 diffusum
553 2470 682 2534 consule
704 2477 797 2556 potat

116 2574 334 2658 calcatamque
357 2580 449 2636 tenet
470 2573 563 2636 bellis
586 2573 754 2637 socialibus
776 2594 882 2648 uvam,

116 2676 260 2742 cardiaco
282 2696 461 2760 numquam
484 2675 636 2760 cyathum
659 2675 813 2739 missurus
836 2674 957 2754 amico;

115 2803 184 2846 cras
206 2780 297 2844 bibet
318 2779 454 2843 Albanis
476 2779 599 2863 aliquid
621 2779 660 2843 de
683 2779 846 2843 montibus
869 2787 926 2844 aut
948 2779 988 2844 de

116 2859 245 2958 Setinis,
269 2881 359 2945 cuius
380 2881 520 2966 patriam
542 2881 739 2966 titulumque
762 2889 908 2946 senectus

57 3001 104 3072 35
117 2988 236 3052 delevit
258 2987 363 3050 multa
384 2987 501 3050 veteris
523 2987 658 3072 fuligine
680 2995 790 3067 testae,

117 3094 211 3179 quale
234 3093 377 3158 coronati
397 3093 539 3157 Thrasea
561 3093 795 3178 Helvidiusque
816 3093 972 3157 bibebant

117 3196 292 3260 Brutorum
306 3203 348 3259 et
370 3194 459 3260 Cassi
481 3195 652 3261 natalibus.
695 3195 763 3281 ipse
785 3217 914 3281 capaces

117 3298 295 3362 Heliadum
316 3307 438 3363 crustas
460 3307 494 3362 et
516 3285 701 3383 inaequales
723 3300 844 3365 berullo

116 3401 211 3465 Virro
228 3409 320 3466 tenet
339 3402 483 3488 phialas:
508 3401 570 3466 tibi
591 3424 657 3465 non
679 3402 892 3466 committitur
912 3414 1035 3480 aurum,

57 3521 105 3586 40
116 3505 169 3569 vel
190 3505 217 3568 si
238 3506 367 3590 quando
389 3506 492 3582 datur,
516 3513 622 3570 custos
644 3506 768 3570 adfixus
789 3506 918 3583 ibidem,

117 3605 176 3693 qui
196 3615 345 3671 numeret
367 3609 519 3692 gemmas,
541 3630 666 3692 ungues
689 3608 835 3672 observet
857 3617 974 3675 acutos.

116 3706 159 3776 da
179 3710 326 3774 veniam:
349 3712 512 3796 praeclara
532 3712 580 3800 illi
601 3712 752 3777 laudatur
773 3713 876 3798 iaspis.

116 3833 194 3877 nam
216 3805 317 3890 Virro,
341 3820 379 3878 ut
400 3813 505 3891 multi,
528 3837 672 3899 gemmas
694 3816 735 3880 ad
757 3817 871 3902 pocula
892 3816 1042 3883 transfert
