2550 4266
108 152 155 243 64
556 141 684 236 ,X1151
718 218 721 225 ,
756 248 758 252 Ι

104 319 252 387 bracchia
273 317 438 384 Vulcanus
460 313 617 400 Liparaea
639 315 731 401 nigra
755 317 900 396 taberna·
940 330 945 342 '

105 424 283 511 prandebat
308 420 370 486 sibi
394 420 531 506 quisque
555 419 642 499 deus,
667 442 727 484 nec
748 422 845 485 turba
867 422 1000 512 deorum

105 528 179 592 talis
201 537 239 591 ut
263 533 312 591 est
335 521 439 600 hodie,
465 532 680 608 contentaque
704 522 807 588 sidera
831 525 942 611 paucis

106 629 292 694 numinibus
315 627 469 690 miserum
491 626 674 710 urguebant
697 627 835 691 Atlanta
856 627 975 693 minori

106 732 253 818 pondere.
297 729 441 794 nondum
464 729 579 814 aliquis
601 729 733 795 sortitus
758 730 851 795 triste
873 729 1025 816 profundi

107 835 278 921 imperium
301 843 359 900 aut
383 833 492 898 Sicula
513 841 622 898 torvus
646 856 720 898 cum
743 835 878 919 coniuge
904 835 1031 912 Pluton,

107 961 166 1002 nec
188 945 258 1001 rota
281 959 341 1001 neo
364 931 480 1000 Furiae
501 959 561 1000 nec
584 959 698 1001 saxum
721 945 778 1001 aut
800 938 939 1003 vulturis
965 939 1027 1004 atri

107 1063 218 1125 poena,
245 1040 300 1104 sed
323 1040 455 1104 infernis
480 1040 596 1103 hilares
621 1041 689 1104 sine
712 1041 841 1125 regibus
862 1043 1005 1107 umbrae.

108 1142 284 1227 inprobitas
310 1142 364 1207 illo
388 1143 450 1207 fuit
472 1143 669 1207 admirabilis
694 1140 781 1220 esve,

108 1247 280 1312 credebant
305 1271 367 1333 quo
389 1247 510 1334 grande
533 1247 623 1311 nefas
644 1256 678 1312 et
701 1256 805 1311 morte
827 1246 995 1332 piandum,

108 1349 135 1412 si
158 1348 283 1415 iuvenis
306 1352 415 1416 vetulo
437 1374 503 1415 non
526 1358 740 1426 assurrexerat
764 1359 798 1414 et
823 1353 850 1413 si

109 1452 241 1517 barbato
265 1454 454 1538 cuicumque
478 1475 567 1540 puer,
592 1453 668 1519 licet
692 1453 761 1538 ipse
784 1447 907 1518 videret

109 1559 202 1644 plura
228 1558 315 1622 domi
337 1559 427 1642 fraga
453 1566 487 1622 et
508 1557 644 1621 maiores
667 1557 792 1642 glandis
816 1578 949 1622 acervos

109 1650 180 1725 tam¹
200 1661 382 1725 venerabile
406 1668 474 1725 erat
493 1661 684 1746 praecedere
708 1669 860 1745 quattuor
883 1661 985 1738 annis,

109 1766 276 1851 primaque
299 1787 357 1851 par
380 1766 459 1830 adeo
482 1787 588 1829 sacrae
612 1764 729 1849 lanugo
754 1772 909 1831 senectae.

109 1891 203 1947 nunc,
228 1869 255 1932 si
279 1868 461 1954 depositum
483 1891 548 1932 non
571 1867 729 1937 infitietur
752 1867 881 1944 amicus,

110 1974 138 2039 si
161 1973 273 2038 reddat
296 1981 437 2037 veterem
461 1996 535 2037 cum
558 1980 629 2036 tota
651 1971 801 2055 aerugine
825 1970 943 2052 follem,

109 2077 290 2164 prodigiosa
312 2079 390 2144 fides
414 2088 448 2143 et
470 2077 579 2141 Tuscis
604 2075 702 2160 digna
721 2075 845 2154 libellis,

112 2204 260 2266 quaeque
285 2179 434 2247 coronata
456 2181 585 2247 lustrari
608 2181 725 2245 debeat
747 2203 836 2266 agna

110 2288 271 2372 egregium
298 2297 508 2372 sanctumque
533 2287 638 2351 virum
662 2287 689 2351 si
712 2309 813 2362 cerno,
836 2285 1011 2355 bimembri

109 2390 170 2454 hoc
197 2400 376 2455 monstrum
401 2413 501 2477 puero
524 2389 576 2454 vel
598 2389 730 2455 miranti
754 2391 813 2454 sub
837 2399 942 2456 aratro

110 2492 250 2577 piscibus
274 2493 413 2558 inventis
437 2502 470 2558 et
494 2492 578 2556 fetae
602 2514 737 2576 conpare
762 2492 877 2569 mulae,

104 2598 272 2674 sollicitus,
300 2605 467 2682 tamquam
488 2594 610 2679 lapides
634 2594 783 2659 effuderit
807 2595 910 2659 imber

112 2722 310 2785 examenque
333 2701 443 2785 apium
466 2699 562 2783 longa
584 2697 762 2762 consederit
785 2721 849 2763 uva

111 2803 249 2867 culmine
273 2802 406 2880 delubri,
432 2810 600 2885 tamquam
622 2801 657 2865 in
680 2822 767 2864 mare
785 2801 915 2866 fluxerit
939 2801 1044 2868 amnis

111 2905 292 2990 gurgitibus
313 2904 403 2968 miris
428 2912 460 2969 et
483 2904 574 2969 lactis
597 2905 717 2970 vertice
737 2913 869 2971 torrens.

157 3009 341 3093 Intercepta
365 3007 475 3071 decem
495 3008 636 3093 quereris
659 3008 806 3073 sestertia
827 3009 939 3073 fraude

112 3112 288 3195 sacrilegat
308 3111 387 3196 quid
411 3110 438 3175 si
461 3111 510 3175 bis
535 3119 665 3175 centum
689 3112 828 3197 perdidit
852 3113 933 3177 alter

112 3214 172 3278 hoc
195 3237 309 3278 aroana
331 3213 433 3293 modo,
460 3214 613 3278 maiorem
638 3215 754 3279 tertius
777 3215 834 3280 illa

111 3339 278 3391 summam,
302 3338 399 3401 quam
421 3315 552 3401 patulae
574 3316 628 3380 vix
651 3326 780 3402 ceperat
802 3318 938 3403 angulus
960 3325 1073 3386 arcae?

110 3428 180 3484 tam
203 3419 295 3482 facile
321 3428 355 3483 et
379 3441 517 3504 pronum
541 3426 588 3484 est
612 3442 741 3506 superos
766 3432 968 3486 contemnere
993 3430 1100 3503 testeo,

111 3523 139 3587 si
158 3524 300 3587 mortalis
324 3512 420 3587 idemn
433 3545 528 3586 nemo
553 3523 639 3588 sciat.
684 3524 798 3609 aspice,
822 3533 944 3609 quanta

110 3648 186 3690 voce
210 3634 315 3710 neget,
343 3649 425 3710 quae
449 3626 491 3690 sit
515 3626 583 3690 ficti
607 3627 787 3690 constantia
808 3627 925 3691 vultus.

109 3750 168 3816 per
193 3728 276 3794 Solis
301 3728 405 3792 radios
429 3727 628 3813 Tarpeiaque
648 3728 785 3792 fulmina
807 3729 892 3795 iurat
